1794 3256
337 262 424 312 404
888 273 919 299 s.
962 271 1154 300 aMssnosu

336 355 499 398 stantiae
530 351 730 412 explicari
762 366 848 395 non
875 352 1033 409 possit,
1065 365 1163 393 cum
1186 351 1245 394 ait
1265 352 1516 410 Apostolus:
1534 351 1704 397 «Nolite

333 433 462 469 »ante
490 432 656 484 tempus
682 423 785 482 quid
815 422 1031 480 judicare,
1056 422 1193 465 donec
1214 423 1354 465 veniat
1373 422 1608 474 Dominus,
1632 423 1706 482 qui

334 496 622 539 »illuminabit
651 495 816 538 occulta
849 493 1123 536 tenebrarum
1154 501 1197 536 et
1225 493 1512 538 manifestabit
1532 495 1708 538 consilia

333 585 351 607 ι
365 567 584 610 cordium:
610 574 652 609 et
679 575 781 608 tunc
802 566 892 607 laus
914 563 1003 607 erit‘
1017 563 1249 621 unicuique
1268 578 1290 606 a
1306 563 1440 607 Deo¹.
1461 564 1708 608 »Tenebras

336 638 476 680 cordis
492 653 601 696 saepe
620 639 716 680 loco
735 635 924 679 criminis
939 634 1140 693 legimus;
1161 635 1246 676 imo
1263 650 1396 695 prope
1412 635 1584 693 ubique.
1603 635 1709 679 Vide

334 722 435 766 ergo
459 722 512 750 ne
534 708 612 750 ista
635 706 717 749 sint
738 707 905 749 occulta
927 705 1221 756 tenebrarum,
1241 720 1334 763 quae
1353 714 1452 748 sunt
1474 706 1614 749 cordis
1633 722 1710 750 oc—

335 778 471 827 culta;
500 777 682 835 ideoque
703 776 979 820 tenebrarum
1005 791 1162 818 nomen
1180 775 1439 834 acceperint,
1457 777 1575 834 quod
1589 791 1639 820 ea
1658 777 1710 820 ab

336 848 425 891 aliis
445 863 532 891 non
555 848 946 907 deprehendantur,
968 847 1044 889 sed
1062 847 1234 890 lateant.
1261 846 1314 888 Et
1330 846 1424 890 ideo
1440 846 1650 890 Dominus
1667 846 1713 890 in

335 918 404 961 die
438 918 587 975 judicii
625 918 939 961 illuminaturus
971 916 1172 960 asseritur
1199 918 1370 959 occulta
1402 917 1710 968 tenebrarum;

337 989 434 1046 quia
447 1003 522 1031 cor
532 987 1235 1047 uniuscujusquemanifestabitur,
1248 989 1364 1046 quod
1379 996 1477 1031 ante
1494 990 1714 1032 occultum

338 1067 462 1102 erat:
503 1060 581 1102 soli
607 1059 780 1117 quidem
813 1058 982 1102 Christo
1014 1058 1258 1116 cognitum,
1286 1059 1359 1117 qui
1394 1058 1534 1102 sciens
1565 1058 1714 1118 judicii

337 1130 403 1183 sui
424 1130 605 1188 gratiam
627 1130 683 1173 ait
704 1145 744 1173 ια
760 1130 875 1174 Nihil
895 1138 959 1174 est
982 1130 1201 1173 occultum
1215 1163 1226 1179 ‚
1263 1131 1380 1188 quod
1401 1145 1488 1173 non
1509 1129 1715 1173 manifes-

344 1219 362 1241 »
375 1199 574 1243 tabitur².
586 1218 602 1240 »

398 1268 622 1314 LXXXII.
661 1270 770 1313 Sunt
796 1279 936 1313 autem
963 1272 1097 1313 multa
1114 1286 1206 1328 quae
1222 1280 1398 1329 propter
1416 1270 1716 1316 verecundiam

341 1339 576 1399 premimus
595 1372 607 1390 ,
642 1348 685 1383 et
713 1348 762 1383 ut
793 1340 1048 1399 impleamur
1077 1341 1249 1383 coeleste
1277 1343 1552 1392 mandatum,
1586 1340 1717 1385 tacito

345 1412 459 1469 apud
477 1425 553 1454 nos
570 1419 764 1454 tenemus
787 1411 966 1460 affectu;
990 1408 1285 1455 ne'videamur
1307 1412 1350 1454 in
1372 1412 1435 1463 iis,
1460 1414 1554 1470 quae
1573 1420 1718 1455 nostra

342 1488 458 1530 sunt,
497 1480 690 1539 gloriari;
735 1489 778 1524 et
818 1496 967 1524 eorum
1003 1481 1193 1525 fructum
1222 1481 1433 1540 vulgando
1465 1478 1718 1540 incipiamus

341 1551 548 1595 amittere.
588 1551 698 1595 Sunt
731 1560 874 1595 autem
912 1554 1080 1596 occulta
1111 1553 1342 1612 sapientiae,
1376 1568 1470 1612 quae
1499 1561 1645 1611 raptus
1673 1553 1718 1596 in

342 1623 538 1683 paradiso
560 1625 774 1681 apostolus
793 1624 948 1667 Paulus
971 1624 1131 1667 audivit
1150 1639 1160 1667 :
1190 1633 1234 1668 et
1259 1625 1357 1682 quia
1383 1640 1470 1668 non
1491 1625 1649 1668 licebat
1669 1639 1719 1668 ea

344 1694 508 1738 homini
529 1695 662 1752 loqui,
685 1697 797 1753 apud
819 1711 863 1738 se
882 1697 1076 1754 tegebat:
1100 1710 1188 1739 non
1212 1697 1309 1754 quia
1328 1712 1451 1740 usum
1473 1711 1623 1740 eorum
1642 1704 1718 1739 aut

345 1764 523 1823 gratiam
543 1764 632 1808 aliis
653 1765 879 1814 invideret3
899 1767 975 1808 sed
991 1767 1105 1823 quod
1122 1781 1209 1808 non
1225 1766 1380 1810 licebat
1401 1767 1565 1811 homini
1581 1766 1716 1825 loqui,

345 1834 457 1879 forte
471 1835 599 1896 etiam
621 1835 785 1878 homini
807 1836 954 1879 audire
975 1852 1060 1879 non
1083 1837 1310 1895 proderat:
1335 1841 1429 1895 q'uae
1447 1846 1549 1880 tunc
1566 1836 1720 1881 illumi-

347 1906 469 1951 nabit
483 1901 713 1956 Dominus,
734 1922 833 1950 cum
856 1907 1234 1950 illuminandorum
1264 1917 1529 1952 secretorum
1554 1917 1720 1968 tempus

350 1977 579 2020 advenerit.
601 1976 710 2022 Vide
732 1987 786 2020 ne
806 1978 934 2021 etiam
958 1978 1001 2020 in
1027 1978 1252 2037 Evangelio
1274 1980 1516 2023 distantiam
1536 1980 1721 2039 aliquam

351 2046 552 2104 reperias,
578 2046 652 2089 ubi
675 2047 803 2090 dixit:
820 2066 836 2087 α
852 2047 966 2092 Nihil
981 2050 1218 2099 occultum,
1239 2051 1355 2107 quod
1371 2066 1458 2093 non
1475 2051 1721 2095 manifesta-

381 2116 526 2160 bitur:
561 2132 698 2174 neque
731 2127 924 2176 opertum
943 2152 953 2169 ‚
984 2120 1101 2177 quod
1131 2135 1218 2162 non
1248 2121 1543 2165 revelabitur³.
1565 2140 1581 2162 »
1609 2122 1721 2165 Illud

355 2195 496 2230 tamen
535 2187 785 2246 astipulatur
822 2191 876 2232 ad
916 2190 1180 2248 superiorem
1218 2190 1635 2250 interpretationem,
1672 2201 1722 2236 ut

357 2266 583 2317 utrumque
617 2259 670 2300 de
701 2258 824 2301 bonis
858 2275 950 2303 esse
979 2262 1225 2311 credamus;
1260 2262 1357 2319 quia
1389 2262 1593 2321 scriptum
1624 2271 1717 2307 est:

365 2344 382 2366 ι
400 2327 628 2386 Cognoscit
651 2329 859 2372 Dominus
880 2330 952 2389 qui
973 2339 1071 2374 sunt
1088 2331 1258 2390 ipsius⁴.
1275 2350 1290 2372 »
1306 2332 1413 2376 Suos
1429 2348 1530 2392 ergo
1548 2348 1723 2392 cognos-

355 2397 429 2448 cit,
451 2405 493 2440 et
512 2412 584 2440 eos
601 2400 818 2457 cognoscit
834 2399 905 2457 qui
924 2411 1189 2459 cognoscunt
1205 2402 1342 2445 Deum
1363 2419 1372 2446 :
1397 2403 1563 2461 ignorat
1580 2413 1720 2447 autem

357 2482 426 2510 cos
456 2468 526 2525 qui
558 2467 753 2527 ignorant
780 2470 945 2521 Deum;
976 2471 1048 2530 qui
1079 2473 1193 2515 enim
1225 2473 1411 2531 ignorat,
1441 2473 1715 2532 ignorabitur.

355 2538 562 2583 Dominus
592 2554 692 2597 ergo
722 2556 814 2598 quae
844 2542 955 2585 bona
977 2551 1100 2593 sunt,
1122 2543 1414 2601 recognoscit:
1438 2558 1487 2587 ea
1507 2559 1600 2602 quae
1624 2553 1722 2588 sunt

406 2641 416 2655 ¹
441 2643 451 2664 ι
473 2633 551 2666 Cor.
578 2637 622 2674 η’,
642 2634 673 2667 5.
706 2652 746 2661 --
766 2645 778 2660 ¹
797 2635 919 2672 Matth.
952 2648 984 2679 x,
1007 2638 1062 2672 26.
1080 2655 1118 2666 -—
1140 2638 1156 2663 ⁸
1175 2636 1262 2672 ibid.
1288 2654 1328 2662 -
1344 2639 1358 2666 ⁴
1378 2649 1394 2670 2
1411 2638 1495 2672 Tim.
1513 2650 1550 2676 ιι,
1577 2650 1626 2682 ¹9·
