1794 3256
340 319 425 368 διο
848 332 1187 368 asseramus·-

339 411 444 456 chus
461 419 502 455 et
521 410 712 455 Valerius
733 410 938 455 Maximus
952 421 1144 463 narrant,
1161 427 1261 458 cum
1277 414 1331 457 de
1348 412 1556 463 infinitate
1573 428 1701 460 mun-

341 482 493 525 dorum
522 480 825 540 philosophum
863 482 1094 538 quemdam
1127 481 1412 541 disputantem
1441 484 1666 534 audivisset
1687 518 1700 537 ‚

337 551 526 602 flevisse,
557 552 674 610 quod
699 551 768 595 vix
787 566 922 594 unum
951 552 1199 611 possideret.
1233 554 1342 598 Hinc
1365 555 1426 598 *de
1447 555 1520 600 illo
1545 555 1697 600 Juven.

339 621 425 666 Sat.
446 637 486 666 x.
509 622 568 666 ait
586 637 596 665 ε

560 691 686 736 Unus
707 693 867 738 Pettoeo
874 694 1044 751 juveni
1064 710 1158 738 non
1183 695 1350 755 sufficit
1364 694 1496 740 orbis.

540 762 718 814 ὦπα-αι
747 764 916 823 infelix·
937 777 1127 825 angusto
1156 766 1298 813 limito
1318 767 1496 812 mundi.

703 936 952 969 annon-rio
988 924 1082 986 (74)
1115 942 1210 987 pag.
1251 928 1349 980 465.

403 1073 619 1123 Arbitra,
644 1072 690 1116 id
713 1081 805 1124 est,
828 1073 947 1118 testis
966 1091 979 1126 ς
1006 1090 1083 1134 per
1103 1076 1216 1120 hanc
1239 1077 1356 1121 enim
1381 1077 1531 1121 animae
1552 1077 1710 1122 Christi

343 1145 652 1204 subjectionem
678 1145 933 1203 dispensatio
955 1145 1152 1207 humanas
1180 1149 1486 1208 redemptionis
1507 1149 1711 1193 manifes-

347 1226 433 1261 tata
452 1225 542 1266 est;
565 1230 665 1259 cum
682 1215 781 1259 inde
802 1216 1028 1260 consilium
1055 1218 1248 1262 divinum
1262 1218 1564 1264 inobedientiae
1584 1221 1711 1279 primi

349 1289 451 1333 Adae
476 1303 552 1346 per
577 1287 753 1331 secundi
779 1288 1067 1332 obedientiam
1087 1292 1334 1349 reparandae
1362 1292 1706 1337 intellexerimus.

348 1358 434 1402 Aut
454 1358 564 1402 forte
583 1357 760 1401 arbitra
783 1357 895 1401 idem
917 1361 1102 1416 quodam
1122 1358 1251 1405 modo
1273 1371 1337 1406 est
1359 1377 1408 1406 ac
1427 1363 1710 1412 moderatrix;

339 1430 438 1488 quia
457 1429 819 1488 dispensationem
840 1429 956 1473 illam
983 1431 1123 1474 anima
1148 1432 1308 1476 Christi
1330 1433 1507 1477 Domini
1526 1434 1715 1494 suscepit

351 1516 437 1544 non
463 1509 611 1544 coacta
631 1501 707 1544 sed
728 1501 887 1544 volens.
919 1501 1089 1561 Quippe
1111 1502 1278 1549 oblatus
1301 1512 1391 1556 est,
1418 1505 1518 1586 quia
1536 1505 1626 1568 ipse
1644 1520 1715 1550 vo-

355 1572 450 1623 luit,
467 1580 516 1616 ut
533 1572 676 1616 Esaias
693 1587 781 1616 uu.
813 1575 851 1616 7.
876 1573 1143 1618 vaticinatur.

714 1747 961 1778 ΔΝΝοΤΛΤιο
996 1733 1089 1794 (75)
1125 1751 1218 1795 pag.
1257 1734 1358 1788 466.

411 1878 490 1923 Dei
508 1878 641 1923 Filius
662 1867 972 1937 subjectionem
996 1881 1168 1939 quidem
1191 1897 1291 1925 cum
1314 1897 1492 1942 corpore
1510 1886 1714 1944 suscepit,

358 1953 431 1994 sed
458 1966 545 1994 non
578 1951 770 2009 deposuit
802 1966 901 1994 cum
940 1966 1118 2009 corpore
1142 1969 1153 2002 3
1183 1954 1280 2010 quia
1307 1954 1412 1998 illud
1442 1954 1559 2014 quod
1587 1958 1720 2000 semel

359 2021 583 2079 assumpsit
597 2053 610 2072 ,
634 2036 852 2078 nunquam
874 2021 1045 2065 dimisit.
1067 2022 1272 2080 Deposuit
1291 2040 1390 2068 vero
1415 2041 1515 2069 cum
1531 2026 1721 2084 corporis

358 2092 573 2143 servitute3
588 2094 758 2150 quando
773 2092 935 2136 scilicet
946 2107 1100 2151 corpus
1112 2126 1123 2144 ,
1138 2109 1314 2138 excusso
1323 2097 1590 2142 mortalitatis
1601 2097 1720 2157 jugo,

360 2163 686 2207 immortalitatis
708 2163 880 2207 dotibus
904 2164 1132 2222 praeditum
1151 2167 1395 2211 resurrexit.

722 2326 969 2357 annom-mo
1003 2311 1095 2371 (76)
1131 2327 1226 2372 pag.
1263 2314 1363 2372 474.

430 2464 542 2522 Eget
557 2459 726 2502 medico
753 2459 832 2515 qui
847 2469 1058 2502 movetur.
1093 2460 1146 2503 Ut
1162 2460 1274 2503 bene
1293 2476 1465 2505 sensum
1486 2462 1722 2523 intelligas,

367 2539 535 2581 adverte
564 2532 634 2574 hic
664 2529 800 2588 prima
836 2531 920 2573 duo
951 2530 1069 2573 istius
1099 2531 1294 2575 versiculi
1324 2534 1461 2576 verba
1483 2535 1682 2594 explicari
1710 2552 1720 2579 :

363 2603 572 2651 commoti
588 2610 909 2645 amoveantur:
933 2601 1240 2646 commotiones
1257 2611 1398 2648 autem
1406 2604 1582 2650 morbos
1597 2612 1725 2664 atque

362 2675 632 2740 aegritudines
658 2673 784 2717 animi
804 2688 923 2724 esse3
949 2673 1064 2719 unde
1084 2688 1106 2716 a
1127 2673 1286 2720 Graecis
1305 2678 1406 2724 παθη
1431 2686 1591 2722 vocata
1609 2685 1726 2745 sunt.
