1794 3256
328 257 418 319 Mo
683 291 689 297 ·
959 277 1152 310 munosn

321 359 397 403 »in
427 357 677 404 aeternum².
700 377 716 400 n
755 357 1005 403 Audivimus
1029 368 1149 403 extra
1183 359 1418 410 civitatem,
1453 352 1704 405 vidimus-'id

325 429 512 481 civitate,
531 429 599 474 cui
615 429 728 473 Deus
743 438 807 472 est
818 430 965 473 lumen
986 437 1216 479 aeternum,
1237 430 1371 489 fulget
1393 430 1482 474 dies
1503 430 1595 478 sine
1610 432 1701 474 sole

324 503 544 546 mundano
563 534 575 552 ,
608 502 710 545 luna
740 516 828 544 non
857 501 1060 559 quaeritur
1090 517 1100 544 ε
1125 501 1459 546 fundamentum
1491 501 1586 561 ejus
1612 515 1702 546 non

326 574 577 631 temporale,
596 573 671 615 sed
690 579 899 615 aeternum
922 579 1003 615 est.
1511 579 1549 604 0
1611 607 1612 610 ,
1644 602 1650 605 .

387 643 501 687 XVI.
549 660 566 682 «
582 642 878 701 Suscepimus,
906 642 1062 700 inquit,
1084 643 1199 686 Deus
1215 643 1555 688 misericordiam
1579 650 1702 689 tuam

326 713 399 755 »in
432 712 575 755 medio
605 712 752 771 templi
774 712 878 755 tui2.
896 730 912 752 »
935 712 979 756 Si
1009 713 1062 755 ad
1086 714 1245 757 Filium
1274 714 1350 757 Dei
1383 714 1559 763 dicitur,
1589 721 1703 757 tem-

325 787 446 844 plum
467 784 524 827 ita
540 780 829 843 intelligimus,
849 786 1086 827 secundum
1103 786 1223 844 quod
1244 785 1336 844 ipse
1355 786 1408 828 de
1430 799 1610 844 corpore
1625 798 1704 828 suo

327 855 431 898 dixit
450 871 460 896 ε
486 871 502 894 c<
526 853 683 897 Solvite
703 855 912 913 templum
935 854 1018 898 hoc
1034 888 1046 905 ,
1064 866 1109 913 ep
1135 855 1179 898 in
1201 856 1344 899 triduo
1365 854 1633 899 resuscitabo
1650 854 1706 897 il-

327 925 433 968 »lud
449 923 479 967 ³.
509 942 527 965 »
546 923 655 969 Vere
671 926 878 984 templum
899 925 978 969 Dei
995 941 1154 985 corpus
1177 935 1242 970 est
1263 925 1448 976 Christi,
1471 926 1515 968 in
1530 940 1617 984 quo
1637 931 1706 968 est

326 1003 573 1039 nostrorum
615 995 857 1055 purificatio
897 1005 1191 1055 peecatorum.
1232 996 1343 1041 Vere
1373 995 1602 1054 templum,
1626 994 1707 1038 Dei

328 1081 428 1111 caro
457 1067 527 1109 illa
545 1100 557 1117 ,
588 1066 632 1109 in
660 1081 743 1125 qua
765 1069 931 1110 nullum
954 1069 1120 1126 peccati
1146 1068 1285 1127 potuit
1313 1083 1405 1111 esse
1427 1065 1672 1126 contagium
1687 1080 1705 1115 4ς

327 1140 404 1182 sed
425 1153 502 1196 pro
527 1137 683 1181 delicto
712 1139 861 1181 mundi
892 1140 1024 1182 totius
1055 1140 1137 1183 suit
1167 1140 1258 1198 ipsa
1288 1137 1563 1182 sacrificium.
1597 1135 1709 1181 Vere

328 1211 538 1268 templum
560 1209 639 1252 Dei
656 1210 866 1259 caro-illa,
885 1210 929 1253 in
950 1226 1031 1268 qua
1052 1211 1131 1254 Dei
1154 1212 1293 1269 imago
1315 1210 1524 1270 fulgebat,
1547 1216 1591 1252 et
1611 1222 1709 1251 corb

328 1279 532 1339 pornliter
562 1279 786 1337 plenitudo
820 1280 1058 1324 Divinitatis
1089 1281 1342 1331 habitabam
1382 1277 1711 1338 quoniam‘ipse

331 1349 526 1392 Christus
547 1357 613 1393 est
633 1350 868 1408 plenitudo.
897 1351 1008 1410 Ergo
1030 1351 1083 1394 ad
1103 1351 1243 1410 ipsum
1267 1350 1427 1393 dicitur
1447 1365 1458 1392 ε
1483 1367 1500 1389 α
1517 1347 1712 1406 Suscepi—

332 1411 459 1464 »mus
474 1453 485 1471 ,
507 1420 622 1464 Deus
636 1454 648 1472 ‚
679 1422 1018 1482 misericordiam
1039 1430 1158 1465 tuam
1184 1423 1228 1465 in
1249 1421 1393 1465 medio
1417 1419 1569 1478 templi
1580 1418 1668 1461 tuh.
1682 1434 1702 1459 x·
1720 1455 1724 1459 .

333 1491 464 1543 Quod
492 1491 599 1550 quid
627 1499 690 1535 est
711 1526 723 1543 ‚
757 1493 839 1535 nisi
866 1495 984 1550 quod
1018 1493 1074 1536 ait
1099 1509 1110 1535 τ
1141 1509 1159 1532 α
1181 1492 1345 1535 Medius
1374 1498 1563 1535 vestrum
1587 1495 1670 1531 stat
1698 1521 1709 1537 ‚

334 1578 495 1622 »quem
516 1578 591 1606 vos
607 1563 833 1614 nescitis⁶3
850 1582 866 1604 n
880 1564 964 1607 hoc
984 1571 1064 1613 est,
1088 1563 1131 1606 in
1147 1563 1288 1606 medio
1301 1554 1439 1607 xeffii
1457 1569 1543 1611 est,
1565 1568 1613 1603 ετ·
1624 1569 1712 1604 non

333 1633 533 1677 videtur?
554 1633 599 1676 Si
622 1642 766 1677 autem
791 1635 844 1676 ad
870 1634 1040 1677 Patrem
1061 1633 1246 1676 refertur
1265 1634 1370 1691 quid
1389 1640 1490 1676 est.
1513 1644 1531 1671 ᾱ
1546 1633 1601 1674 In
1617 1644 1714 1674 me*

333 1724 351 1747 »
366 1706 434 1748 dio
459 1705 606 1763 templi
626 1705 712 1754 tui3
734 1722 750 1745 n
773 1704 852 1747 nisi
875 1702 972 1762 quia
994 1705 1108 1747 Deus
1130 1713 1220 1748 erat
1243 1705 1283 1747 in
1309 1705 1478 1750 Christo
1499 1699 1711 1784 mundum

326 1778 609 1821 reconcilians
630 1775 743 1819 sibi?
1367 1799 1370 1802 ⁴
1396 1787 1416 1795 ·’
1488 1787 1489 1790 ’
1700 1786 1706 1814 1

395 1847 531 1891 XVII.
569 1847 618 1889 In
640 1847 712 1889 illo
733 1861 834 1904 ergo
852 1848 1011 1904 templo
1027 1864 1043 1886 ι(
1065 1847 1369 1910 Suscepimus,
1399 1849 1567 1913 inquit,
1575 1850 1714 1894 mse-2

339 1918 599 1962 »ricordiam
632 1925 775 1966 tuam3
800 1936 818 1957 »
839 1918 921 1960 hoc
947 1926 1035 1967 est,
1066 1918 1255 1962 Verbum
1282 1921 1397 1976 quod
1425 1936 1524 1964 caro
1548 1921 1712 1968 factum

342 1998 421 2038 est,
447 1997 490 2031 et
511 1987 716 2031 habitavit
734 1988 778 2030 in
799 1988 936 2031 nobis.
970 1988 1092 2032 Sicut
1106 1989 1219 2031 enim
1237 1989 1473 2049 redemptio
1497 1992 1710 2043 Christus,

341 2061 399 2103 ita
414 2068 457 2102 et
482 2058 785 2102 misericordia.
814 2059 921 2111 Quae
939 2068 1081 2102 autem
1098 2060 1237 2117 major
1253 2061 1567 2114 misericordia,
1586 2077 1714 2122 quam

343 2131 459 2189 quod
474 2145 551 2188 pro
569 2130 724 2172 nostris
741 2128 910 2188 flagitiis
931 2145 976 2172 so
994 2131 1178 2189 praebuit
1199 2131 1507 2176 immolandum
1518 2150 1531 2184 3
1554 2142 1601 2176 ut
1617 2150 1714 2178 san-

343 2200 471 2259 guine
505 2215 581 2242 suo
619 2201 830 2242 mundum
857 2190 1040 2257 lap-aret,
1077 2201 1200 2259 cujus
1230 2211 1456 2260 peccatum
1488 2205 1605 2247 nullo
1633 2205 1714 2248 alio

341 2271 470 2313 modo
503 2270 711 2328 potuisset
737 2271 898 2314 aboleri
929 2272 1020 2330 (69)
1041 2272 1059 2314 Ξ)
1084 2272 1254 2315 Etenim
1289 2274 1321 2315 si
1350 2275 1403 2316 de
1437 2275 1591 2318 sanctis
1616 2276 1715 2319 viris

345 2340 572 2399 Apostolus
590 2342 695 2385 dixit
715 2359 725 2385 :
743 2361 758 2383 τι
772 2344 998 2402 Templum
1015 2345 1092 2386 Dei
1110 2360 1182 2388 vos
1201 2345 1320 2395 estis,
1340 2353 1383 2388 ot
1399 2345 1580 2404 Spiritus
1597 2360 1714 2391 sanc*-

342 2429 362 2475 'n
376 2418 442 2452 tus
465 2410 677 2455 inhahitat
703 2413 746 2455 in
768 2414 940 2465 vobis⁵;
965 2433 982 2455 n
1014 2424 1172 2473 quanto
1195 2416 1328 2474 magis
1351 2431 1522 2459 carnem
1543 2417 1715 2461 Domini

343 2481 446 2524 Jesu
475 2484 686 2541 templum
723 2485 802 2528 Dei
830 2486 1008 2529 dixerim
1027 2519 1037 2536 ,
1076 2487 1148 2545 qui
1180 2503 1348 2550 semper
1370 2490 1519 2547 plenus
1551 2488 1714 2548 Spiritu

393 2591 405 2607 ι
431 2584 515 2616 Psal.
536 2596 634 2625 nvn,
667 2579 700 2630 9.
725 2579 765 2613 3-
792 2597 803 2613 ²
837 2588 922 2623 lbid.
945 2599 995 2622 ιο.
1023 2607 1063 2615 --
1090 2592 1103 2614 3
1128 2588 1225 2623 Joan.
1256 2601 1295 2631 n,
1325 2602 1375 2634 ¹9·
1399 2609 1436 2618 --
1461 2594 1473 2619 ¹
1494 2590 1543 2625 Id.
1562 2572 1714 2631 ¹236.-

349 2639 363 2662 ¹
382 2648 393 2670 ι
414 2638 491 2671 Cor.
511 2649 563 2674 ιιι,
587 2639 638 2672 ι6.
