1794 3256
367 309 426 361 64
917 324 949 350 s.
987 322 1178 351 AMBnosu

367 410 455 452 est,
479 401 550 445 hic
573 390 798 459 regressus.
824 400 988 457 Raptus
1005 407 1069 442 est
1086 398 1179 449 ille,
1204 415 1258 443 ne
1277 398 1435 443 malitia
1457 407 1642 443 mutaret
1655 413 1740 444 ‘cor

370 472 464 530 ejus
491 487 505 514 :
535 470 605 514 hic
635 471 769 529 ipsam
794 469 1001 512 malitiam
1036 470 1179 512 saec'uli
1220 469 1348 527 hujus
1385 468 1582 512 abolevit.
1607 469 1741 513 -Elias

370 557 500 586 curru
523 550 646 599 atque
656 540 775 598 equis
793 533 983 583 ascendit
1000 540 1055 582 ad
1075 541 1257 582 coelum:
1279 539 1472 583 Christus
1486 545 1630 583 autem
1644 541 1737 584 des-

370 612 513 657 cendit
543 627 567 654 e
596 612 728 660 coelo,
761 626 842 654 nec
873 626 1002 653 curru
1031 618 1073 652 et
1101 610 1241 669 equis,
1276 619 1325 654 ut
1359 611 1430 654 ille
1463 611 1738 660 conscendit;

370 684 468 742 quia
488 684 559 727 ille
580 683 701 726 aliter
724 682 982 739 nequivisset
1005 697 1016 724 :
1045 681 1116 724 hic
1142 690 1285 725 autem
1306 674 1742 740 propria-virtutem?—

374 755 540 798 meavit.
568 753 740 796 Elisaeus
768 753 811 795 in
835 752 1025 796 Jordane
1052 753 1270 811 leprosum
1289 753 1430 797 lavare
1452 752 1652 811 praecep'it
1662 777 1679 801 ,ι
1692 761 1741 795 ut

375 825 429 868 ab
451 823 567 867 omni
597 822 848 880 contagione
877 823 1158 864 mundaretur
1182 838 1192 863 ε
1222 821 1291 864 hic
1320 821 1362 864 in
1386 820 1575 864 «Iordane
1603 830 1740 869 totum

375 895 498 938 diluit
512 894 737 937 mundum.
751 892 916 950 Moyses
929 892 1032 950 ipse,
1046 892 1115 934 eui
1133 891 1281 934 crediti
1299 899 1399 934 sunt
1413 892 1563 950 populi*
1573 886 1743 935 Jud'oeo-

375 981 492 1014 rum,
515 978 667 1021 aquam
686 962 824 1006 divisit
844 977 854 1004 :
879 971 923 1004 et
943 962 1013 1004 ille
1030 961 1203 1020 quidem
1230 961 1370 1005 divisit
1394 963 1624 1012 elementa,
1643 961 1740 1020 quia

375 1052 459 1080 non
475 1035 614 1079 divisit
625 1034 859 1093 potentiam
874 1033 1113 1076 Trinitatis:
1131 1032 1341 1091 separavit
1355 1033 1491 1075 moles
1507 1031 1712 1091 aquarum
1728 1040 1738 1082 “,

376 1109 471 1167 quia
490 1108 657 1151 Patrem
675 1120 761 1148 non
777 1103 985 1162 separavit
1006 1119 1029 1146 a
1049 1103 1171 1147 Filio.

434 1176 572 1223 XXV.
608 1175 768 1220 Videtis
790 1174 936 1232 quanti
957 1173 1059 1223 viri,
1078 1182 1121 1216 et
1146 1173 1335 1231 qualium
1364 1174 1619 1217 documenta
1638 1188 1743 1232 ope-

377 1264 471 1293 rum
486 1246 815 1302 dereliquerunt.
838 1244 1211 1296 Quemadmodum
1224 1243 1350 1301 igitur
1363 1259 1467 1301 quos
1479 1259 1599 1303 pares
1609 1244 1744 1287 David

378 1319 467 1377 regi
488 1318 555 1360 vel
575 1314 791 1359 Salomoni
812 1313 966 1357 virtute
992 1314 1269 1371 cognoscitis,
1297 1314 1540 1357 conditione
1563 1315 1744 1372 impares

379 1385 573 1448 judicatis
584 1418 596 1435 ,
620 1393 668 1427 ut
691 1384 960 1427 Salomonem
975 1383 1109 1426 David
1125 1383 1259 1426 filium
1272 1384 1427 1442 putetis
1440 1386 1494 1427 ad
1509 1385 1585 1427 Dei
1598 1382 1744 1428 sedere

379 1455 623 1503 dexteram?
646 1455 883 1499 Praesertim
911 1469 1010 1496 cum
1043 1454 1131 1511 ipse
1162 1454 1298 1496 David
1335 1453 1553 1497 evidenter
1584 1456 1636 1498 de
1659 1470 1743 1512 quo

380 1532 542 1575 dictum
558 1534 667 1569 esset
682 1558 691 1578 ,
705 1525 977 1583 expresserit;
992 1539 1130 1582 neque
1147 1524 1262 1566 enim
1284 1525 1337 1579 de
1358 1523 1445 1566 filio
1466 1539 1542 1567 suo
1559 1524 1740 1581 diceret:v

391 1596 746 1644 «DixitDominus
762 1594 946 1637 Domino
958 1610 1054 1637 mco
1073 1610 1082 1637 :
1101 1594 1212 1638 Sede
1222 1595 1275 1637 ad
1292 1596 1507 1638 dexteram
1523 1609 1661 1638 meam
1672 1598 1735 1637 -¹.-»

380 1669 607 1725 Quomodo
643 1666 758 1709 enim
785 1665 924 1708 filium
949 1680 1073 1708 suum
1108 1665 1340 1707 Dominum
1369 1664 1640 1708 nominaret-P
1659 1664 1745 1709 Lex

381 1741 579 1802 prohibet
594 1773 603 1788 ‚
627 1736 988 1796 repugnatreligio
1003 1768 1014 1785 ,
1038 1736 1239 1779 abhorret
1253 1734 1359 1779 fides
1373 1768 1386 1786 ,
1402 1737 1513 1778 utad
1529 1731 1746 1780 dextoram

381 1814 462 1860 Dei
487 1808 787 1868 omnipotentis
809 1809 1034 1850 mortalem
1054 1807 1273 1850 hominem
1297 1809 1425 1850 loces.
1451 1807 1571 1851 Alius
1592 1815 1656 1851 est
1676 1807 1746 1851 ille

381 1884 453 1943 qui
475 1883 592 1926 sedet
608 1881 661 1922 ad
682 1881 898 1921 dexteram
912 1912 923 1928 ,
944 1878 1016 1935 qui
1034 1893 1187 1936 corpus
1204 1878 1413 1936 suscepit,
1426 1879 1513 1920 non
1528 1878 1600 1935 qui
1613 1876 1747 1938 rc'oepit

382 1972 403 1999 a
439 1966 616 2011 corpore
643 1964 652 1991 ε
680 1948 752 2006 qui
775 1955 872 1991 ante
903 1946 1147 1990 Luciferum
1165 1948 1331 2005 genitus
1351 1950 1441 1998 est)
1467 1948 1509 1990 id
1535 1948 1625 1998 est,
1649 1956 1746 1992 ante

380 2023 569 2068 omnium
591 2019 800 2062 luminum
817 2018 1079 2066 claritatem
1107 2018 1307 2075 quoniam
1331 2018 1420 2076 ipse
1442 2019 1600 2061 creavit
1613 2018 1746 2065 vario-

381 2111 478 2139 rum
497 2091 706 2136 luminum
718 2088 941 2146 dignitates
962 2103 972 2130 :
996 2103 1095 2130 nam
1118 2087 1320 2130 Salomon
1339 2088 1487 2145 utique
1509 2096 1604 2147 post
1613 2088 1745 2132 Luci·
1771 2094 1775 2097 ’

379 2166 517 2209 serum
538 2170 614 2205 est.
642 2160 843 2202 Salomon
872 2159 1068 2201 sacerdos
1091 2173 1177 2200 non
1198 2157 1301 2207 suit;
1339 2164 1382 2201 et
1411 2158 1507 2201 ideo
1539 2157 1627 2201 dici·
1651 2158 1744 2201 eia

380 2234 563 2280 Domino
580 2230 870 2288 omnipotente
890 2244 976 2271 non
1003 2229 1141 2287 potuit
1165 2244 1208 2270 ια
1231 2229 1293 2272 Ex
1322 2236 1442 2271 utero
1465 2236 1562 2271 ante
1583 2228 1747 2273 Lucisc-

381 2320 506 2348 »rum
522 2302 647 2362 genui
670 2310 710 2343 te
726 2300 740 2322 ²
771 2317 781 2341 ε
807 2319 823 2340 »
839 2299 922 2342 dici
942 2299 1085 2342 cinon
1104 2299 1244 2357 potuit
1269 2314 1279 2341 ε
1297 2317 1313 2338 «
1329 2299 1396 2342 Tu
1421 2314 1466 2341 es
1487 2300 1685 2342 sacerdos
1701 2299 1745 2341 in

376 2385 615 2419 „aeternum
641 2372 875 2414 secundum
906 2370 1102 2412 ordinem
1131 2369 1444 2413 Melchisedech
1467 2368 1507 2420 ’ς
1536 2369 1746 2413 »maxime

381 2462 484 2492 -cum
510 2446 581 2487 illo
599 2451 812 2500 tempore,
837 2455 921 2498 quo
941 2440 1144 2483 Salomon
1165 2440 1266 2488 suit,
1293 2440 1530 2483 secundum
1551 2439 1746 2483 ordinem

380 2519 522 2566 Aaron
538 2547 550 2564 ,
567 2528 653 2556 non
676 2512 912 2554 secundum
935 2510 1129 2554 ordinem
1146 2510 1485 2560 Melchisedech-,-
1508 2509 1746 2553 fuerintfsa-

378 2588 590 2632 nex-dotes.
625 2582 781 2626 Adhuc
814 2581 929 2624 enim
969 2583 1210 2627 sacerdotes
1242 2582 1496 2641 sanguinem
1522 2580 1745 2626 hioeorum

427 2688 438 2704 ¹
454 2677 542 2713 Psal.
560 2685 628 2716 mx,
647 2684 675 2708 ι.
691 2683 762 2721 5!
778 2671 865 2708 naid.
881 2673 915 2705 5-
930 2691 970 2700 ·-
984 2675 1000 2699 ³
1012 2673 1102 2709 Ibid-
1121 2674 1155 2713 4·
