1794 3256
326 308 409 363 '292
877 316 909 344 s.
949 314 1142 343 numosu

323 395 488 440 stantia.
515 394 567 438 Et
592 393 687 436 ideo
708 408 793 436 non
815 390 1039 451 timeamus
1056 392 1246 451 corporis
1261 401 1467 444 mortem;
1496 394 1573 438 sed
1592 409 1695 442 eum

322 466 395 525 qui
411 472 550 525 potest
566 459 749 507 animam
765 471 954 506 nostram
972 463 1039 527 vel
1055 477 1238 511 servare,
1259 464 1326 521 vel
1339 465 1544 522 perdere:
1570 464 1694 523 cujus

323 532 558 580 substantia
591 535 722 578 virtus
755 542 841 584 est,
875 547 1003 591 quam
1033 533 1148 577 Deus
1188 534 1241 576 ad
1273 534 1594 585 similitudinem
1630 535 1695 582 sui

325 606 571 666 pectoribus
590 605 742 649 infudit
759 603 970 647 humanis.

386 678 550 722 XXIX.
591 676 791 734 Quisquis
811 676 938 734 igitur
953 674 1084 717 habet
1104 673 1227 717 istam
1250 675 1527 733 substantiam
1546 677 1697 720 anima:

329 761 415 791 su‘ae
429 780 441 797 ‚
467 747 569 790 dicit
588 762 598 789 ε
616 764 631 786 «
648 747 714 790 Ab
742 745 940 789 omnihus
963 745 1254 802 iniquitatibus
1275 747 1380 789 meis
1401 746 1516 805 eripe
1542 747 1694 793 mest»

329 818 423 864 Non
444 819 570 860 unius
593 816 782 860 criminis
805 818 970 875 lapsum
991 816 1162 878 fatetur,
1188 817 1259 874 qui
1280 818 1332 860 ab
1351 816 1547 870 omnibus
1564 833 1608 862 se
1625 818 1709 861 ini-

330 888 563 946 quitatibus
593 888 696 930 solvi
717 884 944 946 precatur.
984 886 1073 929 Scit
1103 886 1218 929 enim
1253 889 1367 944 quod
1393 888 1472 930 nisi
1493 887 1702 941 Dominus

331 958 536 1017 ignoscat,
555 973 682 1000 nemo
701 959 838 1009 salvus
853 973 944 1000 esse
959 956 1107 1015 possit,
1128 957 1388 1015 quicumque
1404 967 1608 1002 natusest
1625 959 1705 1010 sub

329 1038 529 1089 peccato,
560 1044 687 1087 quem
719 1029 807 1088 ipsa
838 1028 973 1073 noxia}
1000 1027 1256 1071 conditionis
1277 1028 1498 1072 haereditas
1516 1029 1709 1073 astrinxit

341 1103 393 1145 ad
415 1103 597 1160 culpam.

398 1171 543 1215 XXX.
593 1189 608 1211 ε(
627 1171 936 1251 Opprobrium,
962 1170 1114 1228 inquit,
1141 1170 1354 1229 insipienti
1377 1139 1531 1216 dedisti
1551 1171 1645 1215 me²
1650 1190 1703 1216 ,ι

346 1239 456 1292 Quis
476 1251 540 1284 est
559 1242 782 1300 insipiens,
804 1241 885 1284 nisi
908 1241 980 1299 qui
1001 1249 1227 1299 peccatum
1247 1241 1373 1291 facit,
1400 1250 1443 1286 ct
1463 1243 1579 1301 eligit
1600 1243 1711 1289 mala

342 1327 424 1371 pro
440 1312 594 1355 bonis?
613 1313 724 1372 Ergo
740 1312 813 1370 qui
832 1320 981 1354 auctor
1003 1320 1066 1355 est
1085 1321 1383 1371 peccatorum,
1406 1314 1496 1373 ipse
1515 1314 1720 1372 insipiens

342 1383 500 1442 magis,
527 1399 655 1441 quam
676 1383 769 1442 ejus
791 1383 996 1426 minister.
1026 1381 1134 1424 Cum
1156 1398 1385 1440 peccamus
1407 1384 1550 1443 igitur,
1574 1385 1617 1434 in
1639 1399 1721 1443 op-

345 1455 571 1536 *px-ebrium
594 1455 803 1497 tradimur
825 1452 1090 1502 adversari03
1126 1462 1174 1495 ut
1195 1453 1265 1496 ille
1285 1469 1363 1496 nos
1386 1455 1505 1512 quasi
1525 1456 1723 1499 inimicus

346 1525 394 1568 in
418 1526 485 1568 die
506 1525 655 1584 judicii
679 1533 851 1568 accuset
870 1532 912 1567 et
938 1525 1102 1584 prodat.
1133 1524 1425 1585 Suscipiamus
1441 1541 1540 1585 ergo
1560 1542 1718 1595 oppro-

349 1595 494 1641 brium
525 1595 663 1639 crucis
698 1594 871 1645 Chlisti,
903 1593 1019 1653 quod
1050 1594 1236 1652 suscepit
1266 1594 1453 1658 Moyses.
1487 1605 1530 1640 et
1552 1591 1724 1657 AEgypti

351 1667 561 1711 thesauris
583 1667 794 1727 regalibus
817 1664 1031 1726 praetulit3
1066 1673 1109 1709 et
1135 1665 1230 1708 ideo
1249 1682 1336 1710 non
1363 1676 1427 1712 est
1447 1668 1660 1728 insipienti
1682 1668 1726 1712 in

357 1702 655 1801 opprobrium⁸³>
671 1740 860 1783 traditus.
897 1737 980 1781 Alii
1003 1736 1164 1780 habent
1183 1738 1383 1797 codices:
1401 1757 1416 1779 α
1434 1739 1729 1799 Opprobr-ium

357 1812 603 1872 »insipienti
631 1827 685 1856 ne
712 1813 852 1855 tradas
874 1825 957 1853 me.
981 1809 1096 1877 §.Sed
1117 1810 1249 1868 magis
1271 1793 1407 1854 David
1426 1827 1522 1856 eam
1542 1828 1726 1856 consue-

361 1881 555 1925 tudinem
574 1882 717 1930 habet,
737 1889 786 1924 ut
802 1896 875 1923 sua
891 1873 1025 1938 magis
1042 1872 1270 1938 opprobria
1289 1890 1515 1940 etpeccata
1531 1882 1730 1932 fateatur,

362 1967 446 1995 nec
477 1954 529 1995 do
556 1953 742 2011 peccatis
774 1952 859 1995 suis
892 1951 1117 1994 erubescat
1147 1960 1190 1994 et
1212 1953 1472 2010 opprobriis,
1497 1954 1569 2012 qui
1590 1954 1735 1998 scitia

312 2036 314 2039 ’
364 2022 630 2067 consessione
653 2038 743 2067 esse
763 2022 947 2071 veniam,
972 2029 1015 2064 et
1034 2022 1075 2064 in
1096 2023 1264 2080 peccati
1287 2024 1351 2067 sui
1379 2025 1737 2069 condemnatione

365 2092 587 2154 justitiam.

428 2166 593 2210 XXXI.
629 2165 822 2225 Denique
833 2183 884 2210 ex
898 2168 965 2220 his
978 2183 1070 2227 quae
1087 2159 1341 2226 sequuntur,
1359 2166 1652 2220 manifestatur
1667 2166 1742 2229 hic

348 2247 350 2249 “
370 2252 542 2287 sensus3
562 2238 658 2296 quia
676 2238 883 2296 subjecit:
899 2256 915 2279 ι
933 2239 1158 2290 Obmutui‚
1177 2247 1220 2282 et
1237 2254 1319 2281 non
1341 2239 1487 2297 aperui
1507 2254 1554 2282 os
1570 2254 1742 2289 meum,-

359 2318 391 2347 ‘n
405 2307 606 2365 quoniam
626 2316 673 2350 tu
694 2308 830 2351 fecisti
848 2298 967 2360 me³;
989 2329 1004 2350 n
1028 2310 1113 2354 hoc
1134 2318 1213 2360 est,
1242 2309 1393 2355 dedisti
1415 2324 1484 2352 me
1514 2309 1557 2361 in
1583 2324 1742 2368 oppro-

374 2377 519 2420 brium
551 2377 778 2437 insipienti,
814 2379 909 2423 ideo
931 2381 1144 2431 obmutui,
1168 2388 1210 2424 et
1238 2395 1324 2423 non
1347 2379 1492 2438 aperui
1512 2394 1742 2428 osmeum,

364 2459 431 2491 ¹*ne
445 2457 623 2512 peccata
639 2449 800 2508 majora
818 2451 1129 2496 contraherem.
1151 2450 1313 2510 Agnovi
1331 2452 1590 2494 voluntatem
1608 2458 1746 2499 tuam,

377 2525 428 2562 'ut
438 2517 499 2562 ad
516 2528 682 2581 tempus
698 2513 1014 2574 erubescerem,
1033 2531 1074 2567 ct
1095 2531 1240 2583 postea
1263 2524 1400 2566 salvus
1416 2519 1563 2565 fierem
1578 2520 1751 2574 veniam

378 2591 647 2648 postulando.
675 2583 853 2637 Prodest
873 2609 972 2652 ergo
997 2594 1210 2638 inteldum
1232 2602 1275 2637 ct
1295 2609 1401 2653 oppi
1405 2593 1590 2637 ebrium
1614 2590 1750 2650 Siqui-

425 2692 435 2709 ¹
455 2684 541 2718 Psal.
557 2694 649 2725 xxxi,
666 2682 718 2719 32
736 2704 775 2712 —-
792 2684 804 2712 ι’
821 2661 911 2721 lbid.
928 2703 967 2712 —-
971 2675 1103 2722 ³1hid'.
1123 2697 1173 2725 10.
