1794 3256
330 295 417 342 208
694 316 697 318 -
881 306 914 334 s.
953 305 1155 346 auanosnl

329 388 498 438 sturio,
539 388 675 431 donee
706 386 913 430 formetur
941 386 1133 428 Christus
1160 385 1200 428 in
1224 384 1383 430 vobis¹.
1408 404 1423 426 ι,
1442 382 1636 430 Et'nunc
1661 387 1699 431 aiv

331 461 426 522 quis
446 460 643 519 gentibus
666 458 838 502 veniens
865 448 1104 500 sermonem
1134 457 1277 500 audiat
1299 466 1521 508 nostrum,
1543 466 1587 500 et
1607 458 1704 501 Do·-⁴

330 533 472 577 minus
490 531 636 589 juvare
647 530 846 586 dignetur
859 561 870 578 ‚
883 538 932 571 ut
946 528 1154 571 formetur
1163 528 1356 571 Christus
1373 528 1414 571 in
1428 527 1694 587 animoejizs,

330 619 416 663 quo
438 610 582 662 partus
599 600 697 644 fidei
714 600 844 643 ferat:
869 613 1012 642 semen
1025 598 1064 641 ei
1086 599 1279 642 Christus
1299 599 1391 643 erit.
1416 599 1506 643 Illic
1524 598 1567 643 in
1586 607 1702 642 utro*—

334 688 429 732 que.
456 672 670 716 Abraham
694 671 835 727 itaque
851 678 893 712 et
914 669 1196 726 generationis
1213 678 1332 729 pater
1353 678 1444 713 erat
1463 669 1700 713 secundum

334 759 505 788 carnem
520 776 532 793 ‚
554 743 646 786 etis
661 741 732 800 qui
759 741 943 784 Verbum
970 741 1139 784 Domini
1158 741 1199 784 in
1223 741 1470 799 pectoribus
1489 741 1702 799 justorum

333 814 498 873 primus
519 813 732 855 infuderit.
757 811 811 854 Et
841 811 937 854 ideo
967 811 1050 854 hoc
1079 827 1225 854 semen
1251 811 1432 855 Abrahae
1452 826 1582 870 panes
1603 810 1704 855 istos

335 885 489 944 quibus
508 890 746 943 praeheatur
762 882 994 942 corporalis
1017 882 1214 925 alimonia
1230 915 1241 931 ,
1264 898 1349 925 non
1377 882 1584 942 requirit:
1606 881 1705 940 quia

337 957 465 1000 habet
498 971 648 1015 panem
668 954 859 1010 justitiae,
883 954 955 1012 qui
978 953 1188 996 discendit
1206 953 1259 996 de
1280 952 1430 997 coelo².
1449 953 1569 997 Sicut
1590 953 1706 996 enim

337 1036 546 1087 negantur
567 1026 642 1070 filii
659 1026 840 1070 Abrahae
856 1026 927 1084 qui
951 1041 1079 1084 opera
1108 1025 1289 1069 Abrahae
1317 1040 1403 1068 non
1426 1023 1632 1068 fecerint:
1650 1024 1708 1068 ita

340 1115 484 1143 semen
505 1098 686 1142 Abrahae
710 1101 831 1148 sunt,
859 1105 902 1140 et
924 1098 1035 1140 inter
1059 1096 1167 1139 filios
1183 1096 1450 1155 recipiuntur
1467 1129 1480 1147 ‚
1508 1096 1580 1155 qui
1603 1110 1710 1155 opus
1767 1107 1770 1110 ’

341 1171 433 1229 ejus
451 1170 682 1213 offecerint.
710 1169 867 1213 Verum
895 1168 1076 1212 Abrahae
1099 1184 1242 1211 semen
1264 1168 1400 1218 Elias,
1431 1167 1501 1211 cui
1523 1168 1712 1226 Angelus
1759 1209 1783 1213 γ,

343 1243 540 1286 alimenta
571 1241 814 1300 praebebat,
837 1248 881 1283 et
915 1240 957 1282 in
986 1240 1143 1283 virtute
1163 1255 1270 1282 escae
1301 1239 1412 1283 illius
1434 1239 1711 1299 quadraginta

343 1315 506 1358 dierum
533 1313 756 1356 curriculis
778 1312 1037 1355 ambulabat.
1068 1312 1161 1355 Non
1192 1311 1438 1369 requirebat
1460 1312 1583 1354 istam
1613 1325 1712 1354 cor·

341 1385 456 1444 poris
479 1384 605 1443 hujus
627 1383 870 1427 alimoniam
906 1398 1054 1426 verum
1082 1397 1228 1425 semen
1250 1382 1453 1432 Abrahae,
1485 1381 1555 1424 cui
1583 1388 1712 1440 panes

342 1455 642 1499 deferebantur
659 1455 711 1497 de
734 1455 856 1496 coelo.
883 1453 1076 1511 Denique
1099 1452 1215 1495 corvi
1240 1452 1278 1495 ei
1296 1453 1589 1510 quotidianum
1614 1465 1713 1495 con·

343 1527 500 1571 vivium
529 1525 839 1569 ministrabant.
868 1524 928 1566 Ita
960 1523 1127 1581 indigus
1154 1533 1247 1567 erat
1277 1521 1468 1566 omnium
1490 1556 1501 1573 ,
1532 1531 1581 1566 ut
1608 1523 1713 1567 nihil

343 1598 652 1643 haberetsuum
666 1629 678 1646 ,
698 1604 740 1639 ct
760 1596 1010 1639 mittebatur
1027 1604 1076 1639 ut
1093 1595 1252 1638 victum
1271 1587 1608 1654 a'liislargiretur.
1636 1593 1715 1637 Ve-

346 1685 443 1713 rum
466 1683 611 1712 semen
641 1667 812 1716 Daniel,
849 1667 919 1710 cui
941 1667 1051 1710 inter
1073 1667 1217 1710 leones
1247 1666 1385 1725 posito
1411 1671 1532 1709 a‘e'rea
1553 1665 1713 1721 fercula

344 1756 421 1799 per
437 1740 639 1783 Habacuc
657 1738 905 1799 prophetam
926 1738 1078 1781 referta
1095 1753 1331 1781 messorum
1350 1737 1486 1796 epulis
1507 1737 1714 1780 veheban-

346 1818 429 1853 tur.
455 1810 530 1853 Est
547 1825 647 1868 ergo
665 1809 785 1868 panis
796 1808 1082 1866 Angelorum,
1105 1823 1232 1866 quem
1255 1808 1529 1871 manducavit
1555 1807 1710 1855 homo;

348 1882 408 1924 sie
440 1882 553 1924 enim
585 1880 790 1938 scriptum
816 1887 880 1923 est
900 1894 909 1921 ε
926 1897 943 1918 α
968 1880 1125 1923 Panem
1149 1880 1410 1937 Angelorum
1441 1876 1733 1922 manducavit

346 1949 546 1994 »homost
568 1968 584 1990 ι
610 1949 689 1992 Hic
711 1958 773 1992 est
795 1949 913 2007 panis
929 1981 940 1998 ‚
979 1950 1031 1991 de
1060 1964 1145 2006 quo
1168 1949 1270 1992 dixit
1299 1949 1423 1993 Davit
1441 1964 1452 1991 τ
1468 1966 1486 1988 α
1506 1948 1713 1992 Dominus
1735 1960 1739 1971 ’

345 2021 512 2081 »pascit
532 2035 624 2070 me,
656 2027 700 2062 et
720 2019 827 2062 nibil
859 2019 964 2062 mihi
990 2020 1126 2062 decrit
1148 2034 1159 2062 τ
1185 2019 1228 2062 in
1265 2020 1364 2062 loco
1404 2019 1527 2062 viridi
1558 2018 1616 2062 ibi
1645 2031 1739 2061 me*

346 2092 614 2136 »collocavih
641 2091 779 2150 Super
804 2105 957 2148 aquam
990 2090 1233 2134 resectionis
1258 2090 1456 2134 educavit
1475 2105 1545 2134 me
1556 2088 1587 2133 ².
1604 2089 1717 2133 rno-

348 2179 427 2208 nus
442 2164 579 2207 David
599 2162 745 2206 docuit
764 2177 834 2205 me
851 2176 1002 2220 panem
1021 2161 1305 2220 Angelorum,
1328 2161 1470 2219 etipse
1485 2174 1555 2203 me
1568 2159 1716 2204 docuit
1731 2149 1734 2154 ⁴

349 2251 501 2293 aquam
528 2233 781 2277 resectionis.
808 2233 910 2276 Haec
934 2231 1109 2282 refectio
1131 2233 1327 2293 spiritalis
1348 2240 1436 2283 est,
1460 2231 1552 2276 haec
1577 2222 1715 2274 refoe-

349 2306 407 2349 tio
429 2305 594 2363 requies
612 2313 675 2348 est
692 2304 846 2347 mentis
867 2303 1053 2348 internae.
1077 2304 1194 2348 Bona
1217 2319 1324 2362 aqua
1338 2335 1349 2354 ,
1371 2317 1464 2362 quae
1483 2309 1715 2362 peccatum

346 2377 480 2426 lavat,
501 2375 678 2418 mundat
700 2373 879 2418 interna.
913 2376 1020 2430 Quae
1044 2374 1100 2419 sit
1116 2390 1222 2434 aqua
1242 2374 1360 2425 haec,
1388 2374 1620 2418 audiamus.
1639 2371 1714 2416 «si

351 2446 473 2505 »quis
488 2478 500 2496 ,
523 2445 662 2504 inquit
680 2479 692 2495 ,
715 2445 803 2489 sitit
817 2478 828 2496 ‚
851 2445 992 2489 veniat
1015 2447 1068 2489 ad
1086 2438 1181 2496 me',
1199 2454 1243 2490 et
1263 2446 1396 2489 bibat.
1417 2445 1501 2502 Qui
1518 2443 1654 2488 credit
1668 2442 1714 2487 in

352 2535 368 2556 »
381 2532 473 2567 me,
497 2516 608 2560 sicut
633 2516 736 2560 dicit
756 2516 976 2575 Scriptura
990 2549 1001 2566 ,
1032 2516 1207 2560 flumina
1231 2515 1284 2559 de
1303 2523 1451 2575 ventre
1471 2514 1564 2573 ejus
1579 2513 1715 2558 fluent

352 2602 498 2645 »aquae
526 2587 641 2631 vivae.
669 2588 761 2632 Hoc
787 2596 929 2632 autem
954 2588 1124 2634 dicebat
1155 2590 1207 2633 de
1241 2587 1426 2649 Spiritu,
1452 2601 1580 2645 quem
1611 2582 1717 2628 inci-
1745 2609 1750 2619 ε

396 2685 406 2703 ⁹
426 2677 531 2715 Galat.
546 2690 591 2722 iv,
613 2691 708 2724 19.—
726 2690 739 2706 ¹
760 2680 857 2715 Joan.
871 2689 945 2722 vm,
965 2680 1068 2726 59.-—
1084 2683 1098 2708 ²
1116 2682 1197 2717 Psal.
1219 2692 1340 2725 nuru,
1359 2681 1464 2715 25.--
1485 2670 1497 2708 4
1517 2676 1663 2720 lii-xxii,
1680 2685 1715 2724 ῃ..
1743 2673 1749 2681 ’“

1784 417 1794 443 'l
