1794 3256
347 293 364 321 1
378 292 395 322 1
405 292 427 322 2
893 291 923 318 S·
963 289 1158 319 AMBRosn

341 383 433 419 tus:
450 371 590 415 adhuc
607 370 738 414 habes
750 386 835 428 quo
850 385 1000 413 carere
1016 370 1186 412 debeas.
1203 368 1345 413 Multae
1362 378 1459 413 sunt
1478 371 1712 426 illecebrae,

338 445 462 490 multi
485 460 508 487 a
524 444 679 488 virtute
701 442 889 486 deflexus
915 457 925 484 ε
950 441 1093 500 gravia
1113 441 1376 486 irritamenta
1398 451 1496 486 sunt
1517 445 1717 504 volupta-

340 524 449 563 tum,
474 513 610 573 gravis
631 513 764 556 fomes
786 512 984 562 avaritiae,
1012 512 1222 570 cupiditas
1242 522 1520 571 potestatum,
1541 515 1722 558 honoris

342 586 536 635 ambitio,
562 601 654 643 quae
677 586 793 628 velut
814 599 980 627 veneno
1003 585 1189 641 quodam
1212 593 1378 628 mentes
1401 584 1721 636 hominum5et

341 658 524 716 quadam
540 656 699 698 animas
716 654 930 714 pestilenti
950 654 1151 696 vitiorum
1168 653 1267 696 tabe
1286 655 1592 698 contaminant.
1615 655 1716 699 Haec

342 737 406 772 est
433 728 635 770 cathedra
661 725 911 785 pestilentiae
934 740 1061 783 super
1089 740 1216 782 quam
1245 727 1448 769 sederunt
1474 725 1636 769 Scribae
1673 734 1718 769 et

341 797 555 845 Pharisaei,
586 797 660 854 qui
684 797 910 855 imponunt
931 796 1176 838 hominibus
1199 810 1326 838 onera
1350 795 1516 854 gravia,
1544 795 1623 854 ipsi
1640 810 1719 838 au-

341 876 429 912 tem
462 868 591 926 digito
618 868 771 910 nolunt
805 882 853 909 ea
884 881 1068 908 movere.
1105 865 1189 907 Has
1216 865 1438 908 cathedras
1474 866 1526 907 de
1557 866 1723 924 templo

341 940 534 985 Salvator
549 939 677 997 ejecit
692 953 842 981 eorum
858 937 930 995 qui
948 952 992 979 se
1011 937 1063 979 de
1080 936 1244 979 honore
1264 936 1487 993 jactarent,
1509 936 1723 994 primatus

343 1018 583 1068 quaererent
603 1009 855 1067 dignitatum
876 1024 885 1050 :
906 1023 1057 1050 corum
1085 1007 1156 1064 qui
1184 1006 1421 1049 sacerdotio
1441 1007 1509 1049 vel
1530 1006 1722 1064 primatu

341 1081 515 1126 honoris
550 1087 773 1122 uterentur
807 1081 860 1121 ad
894 1086 1102 1136 quaestum
1128 1093 1137 1119 :
1163 1092 1314 1119 eorum
1347 1077 1420 1134 qui
1449 1076 1721 1134 indulgentes

342 1152 450 1210 gulae
466 1183 476 1200 ,
497 1164 765 1207 nequaquam
793 1148 982 1191 debitam
1005 1147 1276 1190 continentiae
1301 1154 1551 1205 praestarent
1574 1153 1720 1189 custo-—

343 1220 468 1266 diam.
493 1222 590 1264 Haec
612 1236 711 1264 vera
734 1228 798 1263 est
819 1219 1074 1278 pestilentia.
1104 1219 1298 1275 Denique
1315 1218 1410 1260 Heli
1433 1217 1507 1259 filii
1527 1225 1650 1260 erant
1666 1215 1719 1259 fi-

340 1293 386 1339 lii
402 1292 664 1351 pestilentiae.
684 1292 733 1334 In
746 1291 826 1333 hac
841 1292 1023 1348 quadam
1038 1291 1135 1332 sede
1148 1289 1344 1331 vitiorum
1359 1287 1558 1347 prohihet
1573 1286 1721 1345 Scrip0

338 1373 434 1407 tura
475 1379 551 1406 nos
588 1363 800 1406 cervicem
844 1361 1087 1410 inflectere,
1127 1359 1322 1416 viresque
1358 1358 1490 1401 totius
1527 1355 1741 1416 corporis

339 1436 560 1479 reclinare.
584 1434 768 1478 Adverte
792 1433 920 1492 igitur
933 1432 1230 1491 proprietates.
1514 1421 1522 1435 x

399 1505 558 1549 XXIV.
608 1523 624 1544 α
646 1506 699 1548 Et
719 1505 762 1546 in
785 1504 850 1547 via
871 1511 1149 1561 peccatorum
1175 1517 1260 1543 non
1288 1501 1418 1550 stetit,
1439 1508 1482 1543 et
1503 1500 1546 1542 in
1569 1498 1724 1543 cathe-

338 1594 357 1617 ῃ
373 1576 446 1619 dra
469 1576 719 1633 pestilentiae
741 1590 827 1617 non
845 1575 966 1617 sedit.
987 1592 1002 1614 »
1017 1574 1138 1617 Viam
1157 1572 1240 1621 dici
1262 1572 1357 1616 vitre
1375 1571 1502 1629 hujus
1523 1586 1722 1626 cursum,
1762 1595 1766 1598 ·

341 1647 385 1690 in
407 1646 585 1692 dubium
605 1660 692 1688 non
713 1644 853 1694 venit‚·
879 1659 978 1686 cum
1000 1644 1087 1702 ipsa
1111 1642 1331 1701 Scriptura
1357 1642 1471 1685 dicat
1493 1657 1503 1685 :
1537 1659 1552 1681 α
1580 1643 1629 1684 In
1651 1640 1720 1684 via

337 1731 452 1774 »qua
484 1716 790 1764 ambulabam,
825 1715 1143 1758 absconderunt
1174 1716 1375 1771 laqueum
1416 1711 1560 1754 mihi¹.
1587 1729 1604 1751 »
1627 1709 1716 1761 Et:

349 1803 366 1825 α
387 1785 489 1829 Esto
510 1785 778 1828 consentiens
797 1784 1129 1828 adversario'tuo
1147 1784 1248 1833 cito,
1270 1785 1373 1827 dum
1395 1798 1439 1826 es
1463 1796 1562 1825 cum
1581 1781 1652 1823 illo
1673 1780 1719 1822 in

339 1854 475 1898 »via².
498 1873 514 1896 n
547 1855 717 1898 Etenim
749 1855 951 1914 quoniam
984 1870 1157 1897 cursum
1192 1855 1286 1898 vitae
1312 1852 1440 1911 hujus
1468 1850 1679 1895 currimus
1697 1881 1709 1899 ,

338 1925 547 1971 habemus
573 1926 767 1969 semitam
793 1943 870 1985 per
892 1942 1021 1984 quam
1043 1926 1312 1969 ambulamus
1332 1923 1522 1982 quotidie
1538 1956 1550 1973 ,
1574 1924 1714 1965 donec

336 1998 632 2057 perveniamus
654 2001 707 2041 ad
729 1997 874 2041 finem.
895 1998 984 2041 Etsi
1005 2013 1091 2040 non
1109 1997 1305 2041 videmur
1327 1990 1712 2055 corporaliter'ire,
1739 1992 1742 1995 ’

335 2070 644 2128 progredimur.
687 2069 794 2114 Nam
834 2070 947 2113 sicut
980 2070 1024 2112 in
1064 2068 1242 2112 navibus
1280 2067 1538 2122 dormientes
1575 2064 1715 2109 ventis

276 2141 279 2144 ’
339 2141 585 2199 agunturqin
603 2149 771 2200 portus,
793 2141 870 2184 etsi
888 2141 1030 2184 nullus
1047 2139 1364 2199 quiescentibus
1386 2129 1534 2182 sensus
1555 2145 1620 2180 est
1634 2149 1692 2180 na
1705 2161 1716 2168 ·
1742 2130 1745 2170 Ϊ

304 2210 521 2269 φνίςειηάἰ,
541 2220 684 2255 tamen
706 2227 854 2255 cursus
870 2227 942 2255 eos
954 2219 1078 2270 urget
1095 2212 1149 2254 ad
1171 2209 1319 2261 finem,
1337 2219 1380 2253 et
1396 2208 1578 2268 impellit
1591 2207 1715 2266 igna-
1777 2221 1780 2224 ’

338 2295 439 2337 ros-z
465 2282 524 2324 sic
545 2283 639 2326 vitae
662 2291 819 2326 nostrae
842 2283 977 2341 spatio
1002 2281 1241 2332 defluente,
1266 2281 1321 2324 ad
1342 2280 1564 2340 proprium
1585 2292 1717 2320 unus·

337 2351 515 2410 quisque
538 2352 705 2413 finem,¹
728 2370 858 2397 cursu
878 2356 1064 2404 latente,
1100 2352 1342 2396 deducitur.
1377 2352 1499 2395 Unde
1521 2348 1680 2393 dicitur
1695 2361 1712 2390 ε
1742 2347 1746 2357 ”

345 2422 530 2482 «Surge‚·
547 2424 620 2482 qui
643 2423 822 2467 dormis³
841 2441 853 2474 3
879 2442 895 2465 »
924 2433 972 2467 tu
993 2423 1108 2466 enim
1131 2423 1309 2473 dormis,
1335 2430 1379 2466 et
1399 2430 1568 2480 tempus
1589 2429 1721 2464 tuum
1744 2436 1748 2444 ²

336 2495 526 2539 ambulat
547 2511 557 2538 :
581 2504 624 2539 et
640 2496 736 2539 vide
757 2511 828 2546 ne,
850 2497 952 2538 dum
977 2496 1050 2538 diu
1073 2495 1248 2546 dormis,
1271 2501 1495 2554 praetereat
1515 2501 1716 2551 tempu-53

333 2563 435 2609 ideo,
448 2565 527 2608 etsi
545 2566 720 2617 dormis,
734 2572 820 2610 'cor
841 2574 964 2610 tuum
983 2566 1147 2626 vigilet,
1169 2573 1385 2611 cortuum
1405 2563 1494 2609 nen
1509 2562 1685 2608 ferietur
1700 2574 1718 2603 t

371 2664 391 2700 ‚a
410 2656 493 2693 Psat.
518 2668 606 2701 oxu,
620 2658 652 2700 4.
669 2641 742 2686 -’·
762 2659 886 2695 Matth.
909 2669 940 2700 v,
960 2660 1014 2695 25.
1039 2677 1080 2687 -
1104 2661 1119 2686 ³
1141 2659 1263 2705 Ephes.
1281 2669 1313 2700 v,
1338 2657 1408 2700 ¹⁴·-
