1794 3256
363 295 421 349 34
912 305 946 332 s.
985 293 1178 331 ammom

355 405 452 434 rum
491 385 686 447 probavit
724 396 1005 442 quaecumque
1045 380 1099 423 de
1129 386 1273 422 nostra
1305 375 1510 434 judicavit
1540 368 1723 425 fallaciae.

358 461 470 519 Ergo
499 457 533 502 si
565 454 792 500 dixerimus
813 452 911 511 quia
933 450 1196 509 iniquitatem
1216 447 1411 496 fecimus.
1445 444 1726 504 justificamus

355 531 496 576 Deum
522 528 565 571 in
586 524 852 570 sermonibus
879 522 988 571 suis;
1026 521 1061 564 si
1093 528 1234 564 autem
1264 518 1494 562 dixerimus
1521 516 1620 576 quia
1638 531 1726 559 non

359 597 654 677 peccavimuS,
686 597 941 638 mendacem
969 592 1149 635 facimus
1177 591 1346 634 Deum:
1372 589 1449 632 sed
1468 587 1728 647 impossibile

362 679 426 715 est
446 667 616 713 mentiri
641 681 770 710 eum.
795 680 872 710 nos
895 664 1023 723 igitur
1043 678 1192 706 omnes
1216 661 1297 705 sub
1318 667 1498 720 peccato
1523 673 1615 702 esse
1632 655 1727 702 ma·-t

361 741 562 786 nifestum
584 745 1425 781 est..
1607 743 1613 746 ’
1675 744 1678 747 ⁴

421 809 525 854 LIV.
563 808 783 861 Quantum
802 804 932 863 igitur
952 803 1139 852 crimen,
1166 810 1216 844 ut
1240 800 1371 844 homo
1390 799 1667 859 peccatorem]
1684 811 1729 841 so

351 878 512 940 neget?
533 876 747 931 Quoniam
767 882 975 933 quantum
996 873 1040 916 in
1062 873 1152 931 ipso
1174 879 1255 922 est,
1284 870 1442 914 summi
1461 870 1540 914 Dei
1561 869 1732 922 videtur

361 964 539 1009 arguere
554 962 603 992 ac
624 946 807 990 refutare
822 943 1111 992 mendacium,
1136 942 1210 1000 qui
1233 950 1318 985 tam
1336 942 1584 985 moderatus
1602 947 1647 983 ot
1661 953 1733 998 pa-

364 1022 471 1069 tiens
486 1026 566 1068 est,
585 1025 634 1061 ut
647 1016 791 1061 vincat
811 1030 911 1058 cum
927 1014 1157 1072 judicatur.
1178 1012 1303 1057 Venit
1319 1013 1434 1055 enim
1452 1012 1505 1056 ad
1523 1009 1732 1069 judicium
1788 998 1793 1001 ’

364 1093 479 1136 Deus
499 1097 543 1132 et
563 1087 694 1132 dicit:
711 1085 898 1144 «Popule
914 1099 1051 1133 meus,
1070 1083 1174 1141 quid
1194 1083 1275 1126 feci
1294 1082 1391 1132 tibi,
1414 1090 1496 1126 aut
1507 1082 1611 1139 quid
1627 1094 1734 1124 eom»

365 1159 554 1206 »tristavi
577 1167 642 1208 te,
672 1164 744 1201 aut
763 1156 868 1214 quid
885 1156 1089 1198 molestus
1112 1153 1173 1197 fui
1198 1153 1309 1197 tibi?
1338 1152 1451 1206 Quia
1469 1150 1599 1196 eduxi
1616 1151 1734 1195 urdo

366 1243 509 1277 »terra
535 1227 723 1288 AEgypti,
755 1235 799 1270 et
827 1228 880 1270 de
911 1227 1037 1269 domo
1059 1224 1272 1267 servitutis
1295 1223 1471 1267 liberavi
1488 1223 1552 1273 te,
1574 1229 1619 1266 et
1636 1219 1758 1264 misi-

367 1324 384 1346 »
399 1311 495 1347 ante
511 1300 663 1344 faciem
681 1297 797 1341 tuani
813 1296 1007 1355 Moysen,
1025 1294 1184 1344 Aaron,
1207 1303 1251 1337 et
1271 1294 1458 1339 Mariam.
1479 1293 1606 1336 Plebs
1619 1291 1732 1341 mea,

367 1394 384 1415 n
397 1374 440 1416 in
460 1378 604 1415 mente
622 1368 776 1412 habeto
797 1367 900 1424 quid
921 1365 1168 1423 cogitaverit
1183 1365 1236 1407 de
1253 1373 1294 1407 te
1312 1362 1513 1407 Balacb¹.
1529 1380 1546 1403 ι
1560 1361 1736 1419 Singula

365 1445 410 1488 in
432 1448 664 1500 conspectu
694 1447 765 1482 tuo
787 1439 900 1480 locat
920 1435 1127 1479 beneficia
1150 1450 1249 1484 sua,
1282 1442 1331 1477 ιιι
1355 1443 1559 1492 tanquam
1589 1433 1644 1475 de
1671 1431 1737 1474 hi»

363 1514 529 1574 judices
559 1525 652 1568 qum
682 1522 848 1551 servare
877 1506 1114 1555 debueras,
1148 1520 1234 1562 quo
1263 1505 1397 1563 magis
1423 1518 1523 1547 reus
1545 1502 1640 1555 fias,
1663 1501 1738 1559 qui

366 1583 517 1628 divinis
550 1596 639 1625 non
667 1577 855 1638 potueris
886 1585 998 1620 stare
1028 1574 1263 1633 beneficiis.
1282 1574 1431 1627 «Quid
1448 1574 1550 1625 feci,
1573 1573 1733 1631 inquit,

367 1674 385 1697 ι
399 1654 475 1698 tibi
489 1652 508 1696 Ρ
524 1652 775 1708 »Tanquam
796 1663 918 1690 reum
942 1662 986 1690 se
1006 1645 1244 1694 constituit,
1268 1652 1311 1687 et
1333 1653 1376 1688 te
1398 1644 1602 1703 judicem.
1621 1642 1739 1687 «Aut

368 1746 385 1768 n
399 1725 503 1784 quid
529 1719 772 1766 contristavi
802 1718 874 1762 te?
893 1736 910 1758 »
923 1715 1085 1761 Offensi
1106 1717 1248 1759 vultus
1269 1730 1355 1758 non
1378 1715 1525 1758 abnuit
1547 1713 1736 1764 crimen,

370 1796 404 1839 si
426 1804 472 1838 tu
496 1794 586 1837 Deo
606 1807 651 1835 es
672 1789 946 1834 contristatus
970 1795 1159 1830 auctore.
1178 1804 1194 1826 α
1211 1786 1299 1830 Aut
1321 1785 1426 1843 quid
1442 1786 1646 1829 molestus
1662 1781 1740 1828 tibi

370 1864 523 1909 »fuih
555 1859 909 1920 Interpellationis
938 1857 1139 1915 injuriam
1166 1855 1417 1906 confitetur,
1449 1855 1486 1900 si
1517 1853 1741 1899 molestior

370 1934 575 1978 aestimata
605 1939 699 1975 est:
739 1929 901 1972 addidit
928 1926 1135 1971 beneficia
1158 1942 1343 1985 quorum
1370 1926 1503 1986 gratia
1524 1940 1611 1969 non
1640 1938 1731 1967 eru·

371 2005 482 2055 buit,
501 2004 574 2061 qui
590 2000 794 2046 existebat
811 2000 1010 2058 ingratus.
1028 1999 1075 2041 In
1093 1998 1173 2041 hae
1190 2013 1362 2055 quoque
1377 2012 1503 2041 eausa
1518 1995 1742 2039 considera

376 2074 594 2133 quomodo
615 2070 822 2115 Dominus
843 2085 887 2112 se
909 2069 986 2127 ipsi
1008 2068 1142 2111 David
1164 2067 1446 2126 judicandum
1468 2065 1672 2126 praebuit,
1693 2068 1743 2109 ut

376 2146 593 2193 vinceret3
623 2141 725 2186 dicit
751 2140 865 2183 enim
893 2139 1086 2184 Nathan:
1104 2157 1120 2178 α
1140 2139 1241 2182 llaec
1269 2138 1371 2182 dicit
1395 2133 1742 2182 Dominus'Deus

377 2234 395 2256 »
407 2215 557 2258 lsrael:
583 2212 671 2270 Ego
686 2211 787 2254 unxi
803 2218 845 2254 te
865 2210 909 2253 in
933 2225 1077 2268 regem
1095 2225 1222 2268 super
1238 2209 1382 2259 Israell,
1404 2216 1447 2252 et
1468 2222 1548 2267 ego
1567 2205 1742 2252 liberavi

378 2304 396 2327 a
411 2293 452 2328 te
482 2284 535 2326 de
563 2298 694 2325 manu
719 2281 845 2338 Saul,
873 2289 917 2324 et
945 2279 1042 2323 dedi
1066 2280 1140 2323 tibi
1161 2279 1304 2323 omnia
1324 2294 1418 2338 quae
1439 2286 1562 2323 erant
1583 2275 1741 2321 domini

379 2354 488 2403 intui,
511 2361 554 2396 et
574 2367 726 2394 uxores
747 2351 857 2394 illius
878 2351 920 2394 in
942 2350 1082 2394 sinum
1103 2358 1225 2393 tuum
1247 2351 1360 2401 dedi,
1385 2357 1427 2394 et
1448 2349 1545 2393 dedi
1568 2348 1644 2391 tibi
1666 2347 1743 2391 do·-

379 2439 530 2469 »mum
561 2422 690 2481 ipsius
724 2422 876 2471 Israe'h
913 2430 956 2464 et
980 2421 1013 2464 si
1041 2435 1175 2479 pauca
1206 2407 1331 2470 sunt,
1358 2419 1554 2479 adjiciam
1576 2417 1667 2463 tibi.
1691 2417 1745 2461 Et

381 2515 398 2537 n
411 2509 542 2553 quare
562 2508 639 2551 pro
661 2492 793 2535 nihilo
816 2491 969 2535 duxisti
984 2492 1232 2540 Dominum,
1250 2498 1300 2533 ut
1314 2490 1476 2534 faceres
1491 2488 1686 2547 nequiter
1701 2485 1744 2534 in

382 2585 399 2607 n
413 2571 645 2623 conspectu
663 2562 1014 2621 ejus²?»Horum
1046 2560 1456 2606 commemoratione
1485 2566 1743 2608 conventus,

427 2667 436 2681 ¹
457 2655 560 2690 Mich.
576 2664 624 2696 vx,
636 2653 703 2688 'It-5.
721 2672 763 2680 —
781 2664 796 2679 ·
817 2666 835 2687 ι
851 2654 1086 2699 ch.x11,7-9.
