1794 3256
291 267 379 320 348
846 281 877 311 s.
916 279 1110 312 amnnosn

285 362 360 404 »in
380 359 467 404 eo¹
474 391 484 403 .
495 357 653 404 »Cum
686 360 814 423 igitur
842 375 991 404 omnes
1022 360 1112 404 dies
1141 359 1255 404 Deus
1286 359 1460 412 fecerit,
1485 361 1587 407 huic
1609 371 1670 409 ta-

285 448 384 476 men
406 419 513 475 diei
508 447 597 491 prae
622 433 787 476 caeteris
810 431 941 475 divini
959 432 1100 491 operis
1116 432 1392 491 praerogativa
1418 434 1557 477 delata
1578 441 1668 485 est,

291 519 376 564 quo
393 507 617 563 peccatum
640 519 767 547 omne
784 502 1008 549 sublatum
1033 511 1109 547 cst.
1140 503 1239 546 Dies
1265 512 1405 547 autem
1420 503 1493 547 alii
1514 517 1672 564 pecca-

291 584 435 620 torum
452 583 562 619 sunt.
584 575 663 619 Hic
674 591 774 634 ergo
795 583 859 618 est
875 575 966 623 dies
985 590 1113 633 quem
1135 574 1391 619 illuminavit
1413 575 1487 619 Sol
1507 575 1578 619 ille
1587 575 1675 634 jus—

294 646 409 690 titiae.
439 645 546 691 Nam
569 654 611 689 et
633 647 720 706 ipsa
745 654 863 690 ortus
881 662 979 690 suos
1002 654 1044 689 et
1060 661 1237 690 occasus
1255 646 1417 689 habere
1436 646 1689 705 consuevit..

297 717 420 760 Unde
442 725 485 760 et
511 717 714 776 scriptum
737 725 801 760 est
825 732 836 760 ε
853 735 869 757 α
886 715 1061 760 Orietur
1078 716 1120 760 in
1138 716 1287 759 diebus
1304 715 1396 774 ejus
1411 715 1575 774 justitia
1590 715 1671 761 ’.ι

298 778 408 830 Sunt
437 801 536 845 ergo
559 786 648 830 dies
672 785 830 830 Christi
856 786 1011 844 quibus
1039 795 1131 830 orta
1155 786 1319 844 justitia
1351 794 1415 829 est
1440 803 1452 836 3
1472 793 1571 829 sunt
1591 785 1680 834 dies

303 855 482 907 Christi,
522 857 676 915 quibus
714 865 806 900 orta
843 864 907 900 est
946 857 1095 916 paucis
1133 857 1391 900 abundantia
1419 873 1428 899 ε
1461 865 1561 900 sunt
1591 856 1684 900 dies

305 926 462 970 Christi
481 928 634 987 quibus
651 936 744 971 orta
765 927 969 986 sapientia
993 932 1067 971 est.
1098 927 1210 971 Audi
1233 928 1449 986 quomodo
1469 926 1686 970 exoriatur

307 998 508 1056 sapientia
535 1014 578 1041 :a
600 998 644 1041 Si
674 999 767 1056 quis
798 998 966 1043 videtur
990 998 1155 1057 sapiens
1177 1013 1267 1041 esse
1297 997 1409 1040 inter
1429 1012 1504 1040 vos
1532 996 1575 1039 in
1600 995 1702 1039 hoc·

308 1087 326 1108 »
341 1070 495 1112 saeculo
517 1101 529 1119 ‚
566 1070 718 1112 stultus
746 1068 820 1112 fiat
839 1102 852 1119 ,
890 1078 940 1113 ut
976 1069 1028 1113 sit
1065 1069 1230 1128 sapiens
1259 1067 1288 1111 ³.
1323 1086 1340 1108 ιο
1359 1068 1414 1111 Et
1451 1067 1548 1121 ideo
1585 1064 1690 1110 dicit

311 1137 557 1197 Sapientia,
600 1154 693 1197 quae
732 1140 859 1182 stulta
896 1139 1016 1183 istius
1056 1140 1205 1183 mundi
1244 1138 1411 1198 elegit:
1438 1155 1455 1178 α
1481 1136 1692 1185 Dominus

311 1225 328 1248 »
343 1208 501 1251 creavit
524 1224 593 1252 me
619 1209 880 1268 principium
903 1211 1068 1253 viarum
1095 1225 1267 1253 suarum
1289 1209 1332 1252 in
1353 1223 1481 1267 opera
1505 1205 1619 1254 sua*

315 1277 435 1321 Sicut
450 1278 564 1322 enim
580 1279 623 1322 in
641 1279 790 1322 diebus
817 1279 930 1323 Oziae
953 1280 1088 1338 regis,
1115 1288 1158 1323 et
1174 1280 1217 1322 in
1235 1279 1385 1322 diebus
1403 1223 1694 1324 Nabuchodo-

317 1363 445 1391 nosor
465 1359 610 1393 exorta
640 1349 819 1410 perfidia
841 1359 928 1400 est,
955 1352 1171 1394 dominata
1190 1351 1434 1408 captivitas3
1454 1350 1515 1393 sic
1535 1350 1581 1399 in
1604 1347 1696 1390 die-

317 1420 399 1462 bus
432 1420 602 1463 Domini
624 1421 727 1464 Jcsu
758 1429 902 1464 exorta
933 1430 997 1463 est
1021 1421 1151 1469 fides,
1184 1436 1277 1478 quae
1314 1420 1588 1478 splendorem
1612 1432 1698 1461 suae

320 1490 522 1546 claritatis
544 1499 587 1533 et
608 1491 781 1533 luminis
802 1499 891 1534 toto
913 1491 1018 1533 orbe
1042 1490 1224 1533 diffudit.
1256 1490 1343 1543 Qui
1365 1490 1478 1545 enim
1502 1489 1701 1533 meliores

323 1559 434 1607 dies,
455 1574 582 1616 quam
604 1560 758 1617 quibus
782 1560 946 1603 refulsit
971 1561 1096 1603 nobis
1120 1560 1227 1603 visio'
1243 1560 1346 1603 Dei:
1371 1559 1483 1604 sicut
1507 1558 1612 1614 dixit
1627 1558 1704 1602 Ja-

326 1628 438 1671 cob?
458 1629 528 1672 Sic
546 1628 659 1689 enirn
676 1630 883 1691 scripturn
900 1640 964 1676 est
989 1647 998 1675 :
1018 1650 1033 1672 α
1047 1632 1143 1676 Vidi
1164 1633 1303 1675 Deum
1324 1631 1433 1674 facie
1444 1632 1503 1676 ad
1525 1629 1678 1674 faciem
1689 1646 1703 1680 3

325 1708 399 1742 »et
420 1701 533 1744 salva
553 1701 663 1745 facta
687 1711 751 1754 est
772 1702 913 1746 anima
935 1718 1045 1746 mea.
1070 1703 1125 1745 Et
1142 1702 1356 1752 *continuo
1383 1709 1556 1745 exortus
1582 1709 1647 1744 est
1666 1699 1709 1744 ei

330 1787 347 1809 ι)
362 1771 424 1813 sol
443 1769 474 1814 ⁵.
506 1768 643 1824 »Quis
665 1772 743 1816 iste
769 1774 851 1823 sol,
880 1773 959 1816 nisi
980 1772 1054 1831 qui
1087 1773 1175 1815 dies
1203 1772 1303 1816 fecit
1324 1772 1495 1831 fulgere
1508 1771 1707 1829 justitiae,

331 1840 519 1897 quibus
507 1857 551 1884 m
569 1849 685 1885 terra
721 1851 846 1886 natus
881 1851 946 1886 est
973 1842 1166 1886 Christus
1195 1858 1248 1886 ex
1270 1807 1472 1901 Virgine?
1492 1842 1543 1891 In
1568 1840 1712 1900 specie

323 1904 613 1961 'viditJacoh,
636 1920 679 1954 et
700 1899 838 1954 Deum
862 1911 1014 1954 vidisse
1036 1928 1080 1955 se
1104 1912 1243 1954 dixit:
1267 1912 1498 1955 inveritate
1515 1912 1714 1964 viderunt

333 1977 497 2029 Judaei
529 1988 572 2024 et
603 1995 689 2024 non
723 1981 1010 2024 crediderunt.
1042 1982 1143 2024 Ideo
1168 1981 1248 2024 illis
1273 1981 1452 2025 breviati
1477 1990 1575 2025 sunt
1596 1980 1713 2030 dies,
1724 1970 1729 1973 ”

333 2048 458 2090 nobis
475 2049 698 2093 illumina-ti
709 2068 720 2100 ;
737 2051 940 2109 quoniam
953 2051 1033 2094 illis
1046 2050 1274 2094 deficiebat
1286 2051 1397 2102 dies,
1421 2051 1545 2097 nobis
1569 2065 1718 2110 appro-

334 2119 583 2177 pinquabat.
613 2121 734 2164 Unde
746 2121 960 2180 judaicam
979 2130 1149 2177 sanctus
1174 2122 1308 2164 David
1325 2121 1536 2180 refugiens
1553 2119 1719 2165 caecitn-

342 2199 429 2234 tem
447 2191 505 2234 ait
531 2207 540 2234 :
558 2209 574 2231 «
589 2190 652 2235 Ne
661 2181 847 2236 deducas
863 2209 934 2236 me
950 2193 1232 2236 in.‹limidium
1244 2193 1411 2236 dierum
1426 2207 1623 2236 meorum
1639 2190 1670 2235 ⁸.
1681 2207 1710 2243 ‚n

343 2261 415 2305 Sic
437 2261 550 2304 enim
575 2262 662 2306 dies
683 2264 856 2306 Domini
882 2279 1061 2323 magnus
1089 2273 1132 2317 et
1154 2263 1328 2307 illustris
1348 2271 1433 2322 est,
1465 2263 1614 2321 utique
1635 2274 1723 2305 non

345 2333 586 2391 prolixitate
628 2334 859 2393 temporis,
899 2337 974 2378 sed
1017 2335 1189 2401 justitiae
1223 2336 1290 2377 vel
1325 2334 1469 2393 gratiae
1513 2332 1719 2394 claritate.

346 2403 461 2462 Ergo
481 2412 580 2447 sunt
603 2404 766 2448 dimidii
789 2405 901 2455 dies,
928 2405 1083 2463 quibus
1114 2398 1361 2448 breviantur
1387 2403 1476 2450 dies
1496 2401 1728 2462 impietatis

356 2474 558 2533 caligine,
581 2483 623 2518 et
649 2477 861 2534 squallore
882 2475 1096 2535 perfidiae,
1121 2474 1275 2533 quibus
1290 2491 1305 2514 «
1323 2474 1493 2519 Occidit
1515 2473 1586 2519 sol
1587 2485 1731 2531 super

410 2586 420 2601 ¹
443 2576 527 2609 Psal.
547 2588 647 2614 oxvn.
666 2577 720 2616 ²4·
741 2596 782 2602 —
800 2588 812 2603 ⁸
842 2578 892 2611 Id.
917 2588 1003 2614 uxi.
1020 2589 1048 2620 7.
1070 2596 1111 2602 —-
1124 2579 1143 2601 3
1162 2588 1173 2609 ι
1189 2577 1268 2612 Cor.
1287 2587 1326 2608 ιιι
1339 2600 1349 2614 ,
1370 2576 1420 2610 ι8.
1438 2594 1479 2600 -
1496 2577 1513 2623 7⁴
1530 2575 1631 2624 Pron
1654 2582 1734 2612 vm,

334 2642 339 2646 ·
366 2638 422 2665 ,κ
436 2649 476 2656 -
491 2633 507 2655 ⁶
522 2631 606 2664 Gen.
624 2631 730 2669 niu,
745 2632 800 2672 30,
812 2632 922 2665 3s.-
939 2633 953 2656 ⁶
972 2631 1056 2665 Psal.
1073 2643 1117 2671 ci,
1134 2632 1202 2665 25.‘
