1794 3256
314 299 340 350 4
349 313 364 339 1
375 312 398 338 2
863 306 893 331 s.
933 302 1124 331 Amnaosn

370 386 522 432 XCIV.
565 387 652 432 Nec
675 386 811 428 solum
843 383 1028 441 inopiam
1047 414 1058 432 ‚
1091 383 1166 425 scd
1197 382 1324 426 etiam
1355 383 1675 431 tribulationem

312 476 427 503 suam
451 460 494 502 in
518 458 775 502 oblivionem
796 456 886 498 Deo
907 453 1070 496 venisse
1091 454 1325 512 deplorant.
1357 456 1486 499 Bonae
1515 442 1613 501 sunt
1631 466 1676 502 et

313 531 605 574 tribulationes
623 543 715 587 quae
730 534 827 570 sunt
847 524 1027 583 propriae
1043 524 1276 582 justorum,
1299 526 1470 584 quinon
1485 542 1562 586 pro
1582 543 1678 571 me-

311 602 402 645 ritis
424 601 532 651 suis,
559 601 633 643 sed
650 615 726 658 pro
749 598 905 656 pictate
936 612 1006 639 eas
1029 596 1266 640 sustinent:
1296 597 1339 640 in
1361 598 1514 656 quibus
1539 598 1679 656 justus

313 687 399 715 non
421 671 633 720 atteritur,
653 670 727 712 sed
745 668 966 716 dilatatum
991 666 1101 710 sicut
1121 675 1289 711 sanctus
1305 668 1516 728 Propheta
1533 671 1678 715 decla-

312 752 378 785 rat
400 743 544 785 dicens
563 757 573 784 :
600 759 616 780 a
634 741 683 783 In
707 739 978 782 tribulatione
993 738 1178 782 *dilatasti
1200 738 1348 782 mihi'.
1370 759 1386 780 n
1407 740 1460 783 Et
1482 739 1570 799 ipse
1589 740 1679 786 Do-

314 814 455 856 minus
481 812 604 855 Jesus
629 812 715 854 ait:
744 828 759 850 a
776 811 823 852 In
848 809 1122 852 tribulatione
1147 810 1338 853 invocavi
1355 810 1609 863 Dominum,
1636 819 1681 856 et

316 884 559 926 »exaudivit
580 899 649 926 me
674 883 717 925 in
742 882 1010 925 latitudinem
1023 880 1053 924 ².
1076 899 1094 935 .'’
1113 881 1311 924 Dilatavit
1327 891 1472 925 sancto
1490 872 1680 942 apostolo

314 956 444 999 Paulo
458 990 468 1006 ‚
500 956 669 1013 quando
690 954 728 997 ei
757 955 981 997 oculorum
1008 954 1153 996 lumen
1172 952 1326 1012 cripuit
1337 969 1349 1002 ;
1373 954 1430 996 ita
1445 955 1559 998 enim
1576 971 1683 998 con-

316 1026 448 1068 sessus
471 1034 535 1068 est
553 1025 769 1068 Christum
785 1058 796 1072 ,
821 1039 949 1082 quem
976 1023 1158 1082 negabat
1178 1031 1312 1066 antea.
1346 1024 1447 1067 Ideo
1474 1040 1545 1068 vas
1567 1026 1683 1069 elec-

319 1095 445 1139 tionis
462 1111 553 1138 esse
570 1088 816 1154 promeruit.
838 1094 1031 1152 Denique
1046 1102 1093 1137 ut
1109 1094 1213 1137 scias
1231 1093 1329 1152 quia
1349 1094 1538 1139 dilatavit
1552 1095 1682 1141 Paulo

318 1168 526 1211 Dominus
554 1167 701 1218 Jesus,
729 1167 827 1210 audi
857 1167 995 1225 ipsum
1031 1166 1282 1225 Apostolum
1306 1167 1553 1211 dicentem:
1586 1185 1604 1208 α
1625 1157 1686 1213 Os

321 1249 542 1283 »nostrum
565 1248 683 1298 patet
709 1241 761 1282 ad
789 1254 887 1288 vos,
910 1255 935 1281 o
963 1237 1195 1287 Corinthii,
1221 1254 1296 1282 cor
1318 1242 1511 1291 nostrum
1535 1239 1686 1284 dilata-

321 1319 443 1353 »tum
464 1319 528 1354 est
542 1310 571 1354 ³.
594 1330 610 1351 »
634 1310 762 1370 Aperi
778 1326 879 1369 ergo
895 1326 962 1359 OS,
983 1309 1188 1353 confitere
1213 1310 1457 1361 Christum;
1483 1311 1579 1369 quia
1602 1313 1688 1370 plc-

322 1383 471 1426 nitudo
502 1392 566 1426 est
597 1399 606 1426 ε
642 1383 714 1426 ubi
744 1383 989 1441 plenitudo,
1017 1383 1075 1426 ibi
1109 1383 1238 1426 etiam
1267 1384 1462 1427 latitudo.
1489 1384 1543 1427 Et
1569 1385 1687 1442 quasi

321 1455 459 1497 bonus
472 1455 680 1514 ‘magister
696 1455 767 1513 qui
786 1455 1015 1513 discipulos
1031 1455 1191 1497 habere
1208 1463 1373 1513 optaret
1388 1457 1593 1514 aequales,
1611 1471 1690 1499 nos

323 1542 492 1584 quoque
514 1527 708 1570 hortatus
734 1535 797 1570 est
818 1535 866 1569 ut
892 1526 1190 1576 dilataremur,
1213 1527 1359 1570 dicens
1379 1543 1389 1569 :
1414 1545 1431 1567 «
1446 1527 1689 1572 Dilatamini

324 1616 341 1638 ι»
356 1606 398 1640 et
418 1598 535 1641 vos‘ss
559 1618 575 1638 ι»
1612 1649 1614 1652 .
1648 1638 1651 1640 ,

382 1667 514 1712 XCV.
563 1667 671 1711 Cum
695 1678 837 1712 autem
868 1669 982 1712 Deus
1018 1668 1175 1712 alicubi
1210 1668 1253 1711 iu
1285 1669 1565 1713 tribulatione.
1591 1670 1692 1716 dila-

327 1747 408 1787 tat3
435 1747 537 1782 tunc
561 1737 636 1781 fiet
654 1739 835 1783 latitudo
866 1740 1029 1789 cordis,
1063 1739 1174 1782 sicut
1193 1754 1319 1782 arena
1342 1740 1469 1783 maris
1494 1739 1692 1802 innume,-

328 1810 483 1853 rabilis.
512 1811 618 1863 Quae
640 1811 693 1853 sit
709 1811 787 1853 ista
802 1811 984 1855 latitudo
1002 1811 1100 1854 audi
1123 1811 1337 1855 dicentem
1353 1819 1550 1855 sanctum
1573 1811 1694 1862 Salo-

327 1897 500 1925 monem
522 1897 531 1924 :
560 1900 575 1920 «
593 1882 771 1940 Optavi,
800 1891 843 1924 et
860 1884 983 1925 datus
999 1891 1063 1925 est
1083 1883 1189 1925 mihi
1211 1898 1357 1926 sensus
1376 1898 1387 1925 ε
1413 1886 1456 1926 et
1476 1875 1691 1942 invocavi,

328 1961 400 1995 »et
430 1951 544 1995 venit
575 1953 617 1994 in
645 1968 713 1994 me
737 1952 908 2010 spiritus
937 1952 1195 2011 sapientiae⁵.
1221 1971 1237 1992 »
1261 1954 1313 1996 Ut
1339 1953 1453 1996 enim
1470 1955 1696 2014 *acciperet

330 2024 579 2082 sapientiam
604 2040 626 2067 a
647 2025 737 2067 Deo
750 2057 762 2074 ,
786 2040 870 2067 non
894 2024 1058 2067 divitias
1072 2058 1083 2074 ,
1102 2040 1188 2067 non
1205 2025 1471 2068 nobilitatem
1485 2059 1497 2076 ,
1517 2042 1604 2069 non
1623 2042 1696 2086 po-

256 2091 259 2093 *
331 2102 550 2143 testatem,
591 2096 666 2137 sed
705 2095 953 2153 sapientiam
994 2095 1246 2154 postulavit,
1290 2104 1332 2138 et
1367 2095 1410 2138 in
1449 2095 1518 2138 illa
1554 2097 1696 2140 omnia

331 2181 425 2223 quae
460 2165 588 2207 etiam
623 2181 709 2208 non
741 2166 996 2224 postulavit,
1029 2165 1199 2208 invenit.
1241 2166 1360 2222 Unde
1387 2165 1606 2224 Scriptura
1626 2167 1698 2213 ,di-

333 2237 391 2279 cit
414 2236 510 2294 quia
543 2236 636 2279 talis
666 2245 756 2280 erat
779 2237 957 2280 latitudo
980 2237 1119 2280 cordis
1146 2237 1259 2295 ejus,
1288 2237 1397 2280 sicut
1421 2252 1546 2280 arena
1569 2238 1699 2283 maris

332 2308 699 2351 innumerabilis⁶.
732 2310 851 2352 Unde
876 2309 986 2352 hanc
1015 2308 1225 2368 percipias
1246 2308 1539 2360 latitudinem,
1567 2309 1625 2352 ait
1647 2311 1700 2355 de

336 2380 492 2437 seipso
515 2395 814 2439 cognoscens:
850 2399 867 2420 ιι
891 2381 940 2424 In
975 2381 1196 2423 latitudine
1231 2380 1371 2423 cordis
1407 2380 1468 2423 tui
1504 2381 1700 2425 describe

334 2451 538 2506 »eam⁷.·»
563 2450 614 2493 Et
638 2451 732 2494 ideo
755 2452 827 2510 qui
848 2452 978 2496 habet
995 2451 1265 2510 sapientiam,
1287 2466 1372 2494 non
1391 2451 1434 2494 in
1452 2453 1624 2515 occulto
1642 2461 1702 2498 te-

385 2577 391 2590 ¹
415 2568 498 2600 Psal.
516 2577 561 2604 ιν,
580 2579 612 2600 ι,
642 2586 685 2593 -
711 2578 723 2595 τ
754 2568 802 2600 Id.
831 2579 930 2604 cxvu,
958 2569 990 2600 5.
1006 2587 1046 2593 -
1065 2570 1079 2592 ³
1107 2580 1123 2601 2
1141 2568 1221 2601 Cor.
1240 2578 1285 2606 vi,
1315 2577 1361 2599 ιι.
1381 2584 1423 2592 --
1442 2566 1559 2601 ubid.
1587 2568 1635 2602 13.
1659 2587 1699 2602 -e

339 2621 451 2671 ἕδρῃ).
477 2631 536 2661 vu,
551 2634 581 2671 7.
598 2640 639 2647 ·—
655 2623 669 2643 ⁵
682 2622 701 2653 3
721 2622 801 2665 fleg.
826 2633 871 2661 υ,
892 2633 942 2672 ²9·
961 2629 1023 2650 —7
1041 2623 1137 2663 Prov.
1151 2634 1211 2659 vn,
1225 2623 1256 2655 ὃ.
