1794 3256
324 319 411 373 246
873 331 904 360 s.
945 311 1147 360 amssnosu'

377 412 579 460 XXVIII.
614 411 726 470 Ergo
753 425 840 454 non
865 418 929 453 est
957 424 1039 468 pax
1064 401 1486 462 animae'virtutibuffi
1515 403 1691 479 quando

295 525 297 527 ,
322 493 420 532 ante
439 478 585 529 oculos
601 483 724 527 nobis
747 490 889 526 nostra
906 489 1080 541 peccata
1097 486 1377 533 concurrunt,
1396 491 1438 527 et
1460 482 1690 535 offundunt

318 573 364 602 se
380 556 595 602 mentibus
615 553 783 619 nestris.
802 553 856 598 Et
875 553 959 597 hoc
975 553 1085 596 bene
1101 552 1402 617 interpretatus
1414 562 1482 602 ‚est
1497 555 1697 619 gentium

315 628 478 673 Doctor
498 629 675 677 electus,
700 626 743 668 in
765 625 954 685 Epistola
970 623 1155 668 secunda
1178 626 1231 668 ad
1252 624 1494 673 Corinthios
1513 626 1686 676 dicem:

331 716 348 740 α
365 699 472 744 Nam
486 706 528 742 et
545 713 645 742 cum
663 696 922 741 venissemus
935 695 977 739 in
993 695 1301 746 Macedoniam,
1322 697 1482 741 nullam
1499 697 1692 761 requiem

317 790 334 812 n
349 770 500 815 habuit
519 784 618 813 earo
645 777 788 812 nostra
801 786 813 819 ς
837 769 913 812 sed
933 767 978 810 in
1000 766 1198 810 omnibus
1216 781 1362 810 sumus
1385 767 1531 812 afflicti
1553 783 1563 811 :
1584 767 1690 816 forIS

319 861 336 884 »
350 857 517 902 pugnae,
537 841 649 884 intus
667 839 838 883 timores
855 838 886 882 ¹.
910 856 927 880 »
938 838 1065 887 Illum
1080 837 1363 885 Macedonum
1378 845 1555 897 peccata
1572 853 1692 883 vexa-

319 915 424 957 bant
437 931 449 964 3
479 920 638 971 quanto
660 911 792 969 magis
814 909 983 970 propria
1008 923 1355 969 unumquemque
1376 918 1567 954 nostrum
1589 924 1693 973 pec-

322 994 415 1029 cata
438 985 707 1043 perturbant,
725 991 774 1026 ut
795 982 962 1041 requies
979 981 1102 1025 nobis
1124 997 1214 1024 esse
1235 997 1320 1024 non
1333 981 1493 1042 possit?
1512 981 1692 1029 Gravior

324 1055 588 1100 adversarius
610 1054 732 1097 nobis
755 1055 878 1113 culpa
900 1061 965 1097 est
985 1061 1127 1097 nostra
1143 1086 1154 1105 ,
1174 1069 1267 1114 quae
1289 1053 1486 1100 sollicitat
1504 1053 1666 1098 otiosos
1680 1087 1692 1103 ,

323 1125 467 1184 affligit
489 1139 628 1175 sanos,
656 1124 878 1167 contristat
898 1125 1030 1174 laetos,
1058 1124 1264 1182 inquietat
1284 1124 1490 1184 piacidos‚
1513 1122 1696 1186 exagitat

322 1196 463 1246 mites,
490 1195 644 1239 excitat
667 1195 937 1238 dormientes
957 1194 1034 1243 Rei
1057 1211 1202 1240 sumus
1225 1196 1315 1238 sine
1338 1203 1580 1246 accusante,
1606 1193 1696 1239 sine

323 1274 486 1310 tortore
507 1265 751 1308 cruciamur
766 1298 777 1315 ,
807 1265 897 1308 sine
920 1265 1097 1308 vinculis
1119 1265 1414 1325 astringimur,
1430 1264 1433 1266 ’
1447 1265 1537 1308 sine
1553 1256 1697 1310 vendi-

323 1346 416 1382 tore
432 1337 672 1381 vendimur.
695 1337 817 1379 Unde
833 1344 876 1379 et
898 1335 1117 1396 Scriptura
1137 1325 1238 1379 dicit
1258 1352 1268 1379 ε
1299 1354 1315 1376 «
1337 1335 1526 1381 Peccatis
1548 1334 1697 1379 vestris

324 1407 514 1452 »venditi
551 1408 649 1451 estis
671 1407 702 1450 ².
733 1426 749 1448 ι
772 1407 872 1451 Haec
903 1407 1030 1466 igitur
1058 1417 1233 1465 peccata
1264 1415 1386 1458 sunt,
1422 1422 1516 1467 quae
1546 1413 1697 1451 contra

325 1493 403 1522 nos
419 1493 586 1537 semper
609 1486 731 1527 sunt,
759 1485 807 1520 ut
830 1478 933 1520 dixit
953 1477 1164 1535 Propheta
1185 1492 1194 1519 :
1227 1495 1242 1516 α
1263 1475 1563 1522 Vendiderunt
1587 1490 1665 1520 nos
1683 1508 1694 1526 ,

326 1558 399 1593 »et
427 1550 704 1599 dominantur
722 1547 844 1591 nobis
862 1547 891 1591 ³.
925 1567 941 1588 »
964 1547 1117 1591 Servus
1140 1548 1211 1606 qui
1234 1548 1457 1598 vendituri,
1480 1546 1698 1607 superiore

311 1619 498 1664 servitio
523 1620 634 1671 exit,
653 1627 701 1662 ut
722 1617 775 1662 ad
799 1618 1019 1662 dominum
1043 1620 1223 1662 alterum
1245 1618 1419 1681 migret:
1439 1633 1515 1664 nos
1539 1630 1617 1660 nec
1635 1632 1701 1662 su-

326 1691 544 1750 periorum
561 1690 711 1748 jugum
730 1689 998 1748 deponimus,
1014 1697 1057 1732 et
1073 1691 1124 1732 ad
1140 1705 1247 1732 nova
1261 1698 1435 1747 peccata
1453 1698 1695 1735 curvamur.

386 1761 554 1807 XXIX.
590 1762 710 1805 Unde
742 1768 784 1803 et
807 1761 1013 1819 ingemuit
1031 1760 1211 1803 Sanctus
1238 1759 1384 1804 dicens
1405 1776 1414 1803 ε
1447 1777 1463 1803 α
1484 1757 1700 1816 Quoniam

328 1832 601 1891 »iniquitates
618 1847 724 1875 meae
741 1839 1102 1896 superposuerunt
1122 1839 1250 1891 eaput
1271 1847 1415 1883 meum
1438 1846 1448 1874 ε
1469 1830 1578 1874 sicut
1594 1844 1700 1876 onus

329 1922 346 1944 »
359 1919 484 1964 grave
506 1912 686 1962 gravatae
703 1911 802 1946 sunt
822 1919 948 1961 super
964 1918 1034 1949 me
1048 1903 1059 1924 ‘¹
1078 1920 1089 1952 3
1113 1922 1128 1943 n
1140 1903 1224 1947 hoc
1241 1911 1320 1953 est,
1339 1902 1580 1965 iniquitates
1595 1916 1700 1948 meae

330 1975 719 2036 supertransierunt
746 1966 877 2034 caput
899 1990 1059 2024 meum,
1091 1983 1133 2017 et
1158 1974 1474 2035 supereminent
1498 1973 1626 2024 mihi,
1653 1981 1702 2016 ut

332 2060 479 2089 sensus
496 2061 613 2089 meos
631 2046 891 2105 deprimant3
912 2046 1024 2091 oculi
1039 2045 1152 2088 enim
1161 2045 1363 2109 sapientis
1378 2045 1420 2088 in
1440 2045 1577 2110 capite
1590 2044 1695 2107 ejus.

330 2109 385 2159 Et
407 2116 503 2160 ideo
534 2117 667 2160 Nabal
687 2119 823 2161 malus
845 2126 935 2160 erat
957 2126 1000 2160 et
1022 2119 1175 2167 durus;
1199 2118 1296 2177 quia
1323 2133 1470 2161 sensus
1494 2116 1702 2175 ejusma-

329 2187 416 2232 litia
447 2196 490 2231 et
523 2187 721 2247 iniquitas
754 2189 1044 2234 obstruebant.
1084 2189 1203 2232 Unde
1232 2196 1275 2233 et
1308 2187 1489 2249 Abigaeae
1522 2187 1703 2240 verbum

330 2259 442 2304 ferre
459 2275 547 2303 uon
563 2259 703 2318 potuit
715 2277 727 2310 ς
755 2261 830 2304 sed
852 2259 1056 2305 obduruit
1077 2275 1152 2303 cor
1169 2260 1279 2319 ejus,
1303 2269 1345 2304 et
1371 2259 1490 2319 quasi
1509 2257 1703 2314 infirmus

334 2330 554 2374 occubuit.
576 2329 663 2375 Aut
682 2329 778 2374 vide
800 2346 852 2374 ne
869 2330 951 2373 hoc
970 2331 1022 2374 sit
1040 2339 1182 2390 caput,
1203 2332 1256 2373 de
1277 2345 1360 2388 quo
1385 2330 1441 2375 ait
1457 2318 1700 2390 Apostolus,

334 2401 433 2459 quia
468 2416 555 2444 non
587 2408 704 2444 tenet
730 2402 835 2446 illud
857 2434 869 2451 ,
897 2410 1039 2444 mente
1065 2402 1203 2444 carnis
1232 2398 1412 2457 inflatus.
1441 2401 1533 2458 Hoc
1562 2406 1704 2446 autem

300 2508 304 2510 <
332 2480 464 2530 caput
486 2471 680 2515 Christus
697 2480 786 2522 est3
817 2472 914 2530 quia
941 2473 1078 2515 omnis
1103 2470 1179 2514 viri
1198 2479 1326 2530 caput
1345 2470 1537 2514 Christus
1557 2468 1591 2512 ⁵.
1611 2467 1703 2512 Hoc

324 2551 398 2586 *est
420 2551 549 2602 caput
566 2545 678 2601 quod
701 2558 777 2602 per
798 2543 1186 2602 compaginationes
1203 2552 1246 2586 et
1269 2542 1557 2601 colligationes
1575 2538 1704 2583 totius

379 2656 390 2672 ¹
411 2658 427 2679 2
445 2647 526 2680 Cor.
551 2659 613 2686 vu,
631 2647 662 2680 5.
692 2666 731 2672 —
760 2657 772 2673 ²
807 2646 884 2681 lsai.
911 2658 942 2687 ι,
970 2658 998 2680 ι.
1017 2665 1059 2672 --
1077 2648 1088 2670 ³
1110 2646 1164 2680 Id.
1193 2658 1242 2683 ιιι,
1264 2656 1311 2679 2².
1336 2664 1370 2674 -
1393 2646 1407 2674 4
1430 2622 1653 2682 Ρ581.ῑιὶιιι,
1671 2641 1705 2673 5.

330 2719 369 2726 -
389 2704 402 2726 ⁵
422 2703 546 2736 (juloss.
569 2714 605 2742 ιι,
630 2702 680 2740 ι8,
703 2712 751 2743 ¹9·
