1794 3256
447 328 687 362 suanus-rto
717 328 767 360 nr
790 325 978 360 »stam
1008 328 1124 359 mn.
1383 311 1470 356 353

105 412 229 458 Jcsus
243 411 329 456 suis
346 410 488 455 vorbis
501 410 733 454 eradicavit
746 424 799 454 ex
813 408 973 453 intimis
993 406 1241 467 pectoribus
1260 405 1358 450 vitia
1370 422 1472 466 gen-

108 484 271 533 tilium,
290 480 514 542 perfidiam
528 481 780 530 nationum,
807 488 852 524 et
875 487 1141 534 versutarum
1166 478 1472 537 cogitationum

107 569 237 615 prava
255 561 499 598 commenta
518 550 725 596 destruxit
739 584 751 601 ‚
774 560 901 610 atque
922 549 1067 594 omnia
1080 548 1255 608 vestigia
1276 547 1473 606 iniquita·

112 625 166 669 tis
185 624 379 669 abolevit.
404 623 568 667 Deinde
594 623 749 666 infudit
770 630 917 682 postea
947 620 1102 672 fidem,
1129 629 1174 664 et
1204 620 1476 664 continentiae

113 695 406 755 diseiplinamz
429 709 485 737 ne
513 702 714 752 tanquam
737 694 780 736 in
802 708 901 736 vase
920 699 1124 753 corrupto
1149 691 1400 763 confasione
1418 691 1479 735 vi-

114 767 272 811 tiorum
292 773 591 810 coacescerent
609 773 874 808 sacramenta
893 763 1116 807 virtutum.
1448 771 1449 774 ’

174 838 253 884 xl.
291 839 413 882 Unde
435 836 616 896 pulchre
637 836 716 880 tibi
740 835 969 895 Apostolus
990 835 1124 879 dicit:
1151 853 1169 874 ι
1186 834 1273 879 Sed
1292 834 1484 895 regnavit

116 924 263 955 »mors
272 910 328 953 ab
338 910 475 953 Adam
486 924 622 967 usque
641 908 697 951 ad
715 908 890 967 Moysen
903 906 936 950 ¹.
959 927 978 947 ι
991 907 1109 960 Quid
1128 915 1193 950 est
1206 906 1389 966 Moyses,
1403 906 1485 951 nisi

120 980 232 1031 Len
253 979 455 1039 quoniam
478 979 568 1038 ipse
589 978 798 1038 interpres
818 986 884 1021 est
903 970 1027 1036 Legis
1043 993 1056 1020 t
1079 976 1176 1020 finis
1201 986 1345 1021 autem
1364 977 1493 1037 Legis

124 1052 319 1096 Christus
342 1050 500 1094 Jesus?
524 1050 729 1109 Regnavit
752 1065 853 1109 ergo
873 1057 1099 1108 peccatum
1124 1049 1169 1091 in
1190 1049 1275 1091 hoc
1297 1047 1486 1099 mundo,

125 1132 173 1167 ct
184 1123 228 1165 in
244 1130 425 1182 peccato
440 1127 560 1164 'mors
573 1135 697 1171 saeva,
721 1129 849 1178 atque
868 1120 1350 1177 intolerabilisquaedam
1362 1135 1489 1178 poena

126 1194 307 1255 peccati.
335 1193 494 1237 Docuit
513 1193 685 1251 quidem
714 1206 793 1235 nos
823 1191 988 1250 Moyses
1008 1192 1150 1235 levare
1177 1193 1232 1234 ad
1256 1190 1490 1235 Dominum

125 1279 279 1310 mnus
293 1264 382 1324 ,pii
397 1265 540 1307 cultus
559 1263 784 1306 instituens
808 1262 1088 1321 disciplinam.
1107 1261 1266 1304 Docuit
1285 1261 1495 1320 quemad-

126 1335 306 1381 modum
325 1335 530 1379 Amalech
550 1334 862 1391 versutiloquus
882 1333 1149 1383 vinceretur:
1170 1340 1219 1375 ut
1236 1346 1378 1376 mores
1400 1347 1497 1376 nos·

130 1414 217 1450 tros
246 1414 292 1450 et
316 1420 446 1464 opera
470 1407 709 1448 levaremus
736 1405 792 1447 ad
820 1403 1037 1446 Christum
1053 1437 1065 1454 ,
1099 1403 1160 1446 sic
1186 1404 1348 1447 destrui
1371 1418 1497 1463 posse

130 1475 351 1536 perfidiam
377 1490 391 1518 t
423 1475 489 1518 sin
516 1489 617 1518 vero
642 1473 926 1531 dejiceremus
954 1473 1165 1524 animam,
1195 1474 1498 1518 inclinaremus

132 1547 335 1591 aflectum
348 1577 360 1595 ‚
384 1555 430 1590 et
449 1561 471 1588 a
493 1544 765 1588 continentiae
776 1544 924 1587 studio
947 1552 1232 1587 averteremus
1252 1544 1496 1603 ingenium,

133 1627 185 1662 ut
202 1618 418 1678 persuasio
440 1632 518 1659 nos
538 1631 644 1659 vana
665 1623 914 1675 superaret:
937 1617 1104 1658 nullum
1129 1615 1367 1659 remedium
1386 1616 1501 1659 sutu-

134 1703 249 1738 ram,
267 1688 348 1731 nisi
362 1687 495 1730 Jesus‘
507 1686 734 1745 depressa
718 1701 807 1746 Jam
822 1687 998 1730 brachia
1013 1687 1149 1745 Moysi
1164 1696 1368 1754 tanquam
1386 1683 1503 1731 infir-

137 1759 333 1802 mitatem
354 1757 477 1816 Legis
506 1758 741 1808 attolleret,
766 1765 811 1800 et
839 1773 914 1801 sua
939 1749 1229 1802 misericordia
1255 1760 1495 1803 sustineret.

140 1827 227 1872 Sed
239 1826 455 1871 infirmnm
472 1827 612 1870 adhuc
627 1790 781 1870 fuissit
784 1827 911 1887 Legis
924 1828 1155 1878 auxilium,
1170 1828 1251 1871 nisi
1271 1829 1362 1888 ipse
1378 1828 1504 1873 Jesus

140 1899 323 1943 venisset
337 1900 381 1942 in
400 1907 551 1948 terras,
569 1899 642 1957 qui
663 1899 708 1942 in
721 1915 766 1943 se
785 1907 950 1943 nostras
967 1900 1201 1959 susciperet
1216 1899 1501 1954 infirmitates,

114 1986 271 2030 „quun
297 1971 436 2015 solum
453 1978 598 2014 nostra
616 1978 791 2030 peccata
817 1985 991 2033 gravare
1011 1986 1099 2014 non
1118 1979 1312 2030 possent,
1341 1987 1421 2016 ncc
1444 1973 1506 2016 in-

54 2036 60 2048 '
134 2041 480 2093 *linare-manus
498 2041 592 2100 ejus
610 2057 623 2083 τ
646 2042 719 2099 qui
748 2057 793 2084 se
817 2041 1035 2085 inclinavit
1060 2057 1194 2100 usque
1215 2043 1270 2085 ad
1293 2051 1476 2086 mortem
1491 2076 1504 2094 ,

123 2113 327 2161 ,morwu'l
362 2120 503 2157 tutem
532 2113 696 2162 crucis,
725 2113 770 2155 in
804 2128 888 2172 qna
917 2114 1160 2171 expandens
1195 2128 1348 2158 manus
1373 2129 1474 2164 ,suas
1492 2149 1505 2166 ,

146 2193 284 2228 totum
303 2184 453 2227 orbem
473 2183 546 2241 qui
559 2191 650 2226 erat
668 2183 882 2242 periturus
894 2215 906 2232 ,
929 2184 1064 2226 erexit
1087 2199 1099 2225 τ
1121 2183 1274 2227 levavit
1293 2175 1506 2243 jacentes,

150 2264 277 2314 atquc
297 2257 352 2298 ad
365 2270 410 2298 se
429 2255 621 2298 omnium
642 2254 831 2336 gentium
848 2253 977 2298 fidem
998 2255 1142 2306 traxit,
1160 2255 1307 2299 dicens
1321 2255 1508 2300 homini:

161 2345 180 2368 ι
198 2327 335 2371 Hodie
361 2338 531 2371 mecum
552 2327 636 2370 eris
658 2327 700 2369 in
726 2325 951 2385 paradiso²
957 2359 968 2369 .
994 2320 1118 2370 »Boe
1139 2335 1204 2370 est
1230 2343 1332 2387 ergo
1354 2328 1515 2388 disper-

152 2398 256 2440 dere
270 2405 398 2455 atque
417 2399 634 2456 plantare3
655 2405 705 2440 ut
724 2396 875 2439 vitiosa
894 2396 1186 2448 eradicentur,
1206 2399 1383 2445 meliora
1399 2400 1520 2458 plan-

156 2475 301 2511 oentur
319 2468 364 2510 in
382 2465 630 2527 pectoribus
650 2467 928 2526 singulorum.
950 2467 1016 2511 De
1030 2482 1116 2527 quo
1130 2462 1334 2528 praeclare
1352 2468 1519 2528 Moyses

144 2537 202 2581 in
226 2537 361 2581 Exodi
380 2538 551 2583 cantico
573 2538 659 2583 ait.
690 2556 709 2577 ι
721 2538 934 2582 Inducens
952 2539 1142 2599 plantato
1161 2554 1236 2584 eos
1258 2539 1305 2584 in
1325 2548 1518 2586 montem

206 2653 219 2670 ⁸
238 2646 334 2680 Rom.
353 2623 389 2688 v,
405 2647 459 2687 ¹4·
475 2664 515 2675 --
532 2657 547 2674 ·
560 2646 648 2682 Luc.
662 2658 761 2690 xxm,
782 2647 839 2686 45.

251 2712 254 2714 v
309 2738 390 2768 ιη.
780 2747 782 2750 ·
1326 2731 1383 2774 23
