1794 3256
348 256 408 300 68
900 264 932 294 s.
974 263 1167 293 Aunnosu

406 347 572 409 XXIX.
610 344 814 390 Conclusi
842 343 987 401 itaque
1011 342 1229 401 undique,
1256 357 1306 386 eo
1323 342 1512 402 perfidiae
1529 343 1721 402 suman.-

347 426 537 466 tamenta
556 416 768 465 derivant,
787 423 836 458 ut
855 412 1106 456 incredibile
1123 427 1214 466 esse
1233 421 1446 462 asserant,
1471 414 1600 472 quod
1605 410 1719 494 Deus

352 488 586 548 susceperit
607 501 813 535 carnem3
839 499 920 542 qua
939 483 1102 527 ratione
1120 491 1262 527 autem
1280 499 1364 527 nou
1384 484 1570 543 potuerit
1586 483 1721 527 susci-

351 577 473 621 perc,
498 559 709 618 explicare
731 571 816 599 non
833 563 1021 614 possunt.
1055 555 1210 608 Quaero
1231 555 1344 598 enim
1367 564 1510 619 utrum
1533 555 1722 613 impossi-

352 631 550 680 bilitatis,
570 645 622 672 an
639 628 804 686 injuriae
823 642 948 670 causa
965 626 1206 670 existiment
1224 642 1394 678 carnem
1413 642 1434 670 a
1451 627 1542 670 Deo
1564 625 1724 684 suscipi

352 699 621 760 nequivisse?
649 699 693 742 Si
725 697 1096 757 impossibilitatis,
1140 697 1299 754 aliquid
1333 712 1434 756 ergo
1461 695 1723 755 impossihile

352 773 443 818 Deo
464 789 474 813 z
498 770 604 814 nihil
623 769 737 812 enim
752 777 815 811 est
835 768 951 826 quod
971 768 1114 811 facere
1135 768 1319 811 voluerit
1333 800 1344 818 ‚
1363 776 1406 811 et
1421 768 1561 811 facere
1577 767 1723 825 nequi—

355 843 475 887 verit.
509 841 711 898 Superest
738 854 838 898 ergo
868 846 917 881 ut
943 847 1014 881 aut
1033 839 1235 888 voluisse,
1263 847 1335 881 aut
1362 839 1547 881 noluisse
1569 839 1725 881 docea-

355 922 437 958 tur.
472 911 601 964 Quod
625 917 767 953 autem
792 908 930 966 majus
962 908 1170 951 indicium
1187 909 1436 961 voluntatis,
1463 924 1591 967 quam
1609 910 1726 967 quod

355 984 445 1043 ipse
462 982 592 1026 dixit:
617 981 793 1024 «Palam
818 980 994 1038 apparui
1019 994 1105 1022 non
1131 980 1430 1037 quaerentibus.
1442 996 1518 1024 me
1522 1011 1610 1025 .....
1640 981 1726 1024 Ex·-

356 1053 516 1112 »pandi
537 1066 688 1093 manus
708 1065 823 1092 meas
847 1052 899 1092 ad
925 1052 1135 1108 populum
1161 1065 1247 1092 non
1271 1052 1539 1101 credentem,
1561 1059 1606 1094 et
1620 1066 1728 1094 con-

355 1122 669 1166 v-tradicentem
681 1120 692 1142 ¹
711 1119 760 1162 Ρ»
774 1119 818 1162 Si
834 1135 934 1178 ergo
952 1120 1084 1163 voluit
1097 1128 1140 1164 et
1153 1121 1292 1179 potuit
1305 1154 1316 1170 ‚
1339 1136 1392 1163 an
1412 1130 1611 1179 putamus
1627 1136 1728 1165 eum

359 1210 484 1239 causa
501 1193 666 1251 injuriae
685 1192 898 1235 noluisse?
920 1191 973 1234 Et
998 1207 1127 1250 quam
1157 1192 1364 1235 Divinitas
1387 1193 1452 1235 sui
1472 1194 1599 1238 sentit
1620 1193 1729 1252 inim

355 1265 465 1308 riam
479 1265 497 1307 Ρ
512 1265 672 1323 Expers
688 1264 803 1306 enim
818 1271 882 1306 est
899 1263 1188 1314 contumeliae,
1209 1279 1348 1321 neque
1363 1263 1558 1322 subjecta
1574 1264 1728 1307 nostris

359 1344 424 1379 est
439 1334 729 1394 passionibus3
749 1349 889 1393 neque
910 1334 1025 1377 enim
1049 1349 1149 1378 caro
1170 1337 1238 1379 vel
1253 1334 1558 1381 detrimentum
1572 1334 1730 1386 Divinis

359 1407 436 1450 tati
459 1406 608 1449 afferre
625 1406 785 1464 potuit,
807 1407 875 1448 vel
891 1414 1183 1464 augmentum.

419 1476 566 1521 XXX.
605 1476 690 1529 Qui
717 1484 861 1519 tamen
883 1475 966 1518 hoc
990 1476 1220 1533 objiciunt,
1246 1478 1361 1534 quod
1381 1477 1460 1520 Dei
1482 1476 1615 1520 Filius
1634 1491 1726 1519 car*

356 1562 458 1592 nem
491 1542 704 1605 suscipere
739 1562 826 1589 non
863 1546 1034 1604 potuit?
1065 1546 1110 1589 Si
1146 1547 1346 1604 gentiles,
1392 1547 1464 1604 qui
1497 1548 1599 1593 deos
1632 1561 1731 1591 suos

363 1617 589 1675 (quoniam
623 1616 818 1659 homines
842 1616 972 1660 fuisse
1001 1608 1158 1673 negare
1176 1630 1277 1659 .non
1308 1619 1510 1676 possunt)
1543 1619 1732 1662 humana

359 1687 501 1746 specie
520 1687 630 1730 visos
653 1701 744 1729 esse
766 1688 1007 1731 testantur?
1028 1686 1096 1728 An
1117 1701 1193 1729 rex
1218 1683 1546 1745 eorum,·quem
1566 1688 1627 1732 illi
1646 1689 1732 1743 suis

361 1755 441 1801 diis
467 1755 672 1817 omnibus⁴
694 1763 986 1814 anteponunt,
1014 1756 1270 1815 prodigiales
1298 1757 1624 1818 sormasvpotuit
1647 1756 1732 1818 'pro

361 1842 506 1872 amore
523 1827 736 1884 suscipere
756 1841 767 1869 :
789 1825 982 1869 Christus
994 1841 1175 1879 carnem
1192 1828 1374 1881 hominis
1388 1861 1400 1879 ‚
1421 1844 1547 1887 quem
1564 1830 1619 1874 ad
1629 1829 1736 1888 ima-,j

361 1900 504 1959 ginem
529 1899 594 1942 sui
615 1898 740 1948 fecit,
766 1907 894 1956 atque
915 1899 1026 1942 illud·
1043 1900 1447 1958 praestantissimum-
1470 1916 1577 1960 opus
1608 1917 1736 1957 suum

363 1970 579 2029 suscipere
605 1985 684 2028 pro
714 1969 864 2012 mundi
895 1972 1032 2014 salute
1051 1976 1139 2013 nori
1158 1972 1323 2030 potuit3
1347 1980 1391 2016 et
1409 1972 1736 2031 pulchrius-,illis

358 2041 529 2085 videtur
554 2048 727 2099 propter
750 2040 1007 2084 adulterium
1031 2041 1156 2084 alieni
1178 2041 1260 2085 tori
1273 2041 1434 2102 ,squam
1461 2050 1637 2102 propter
1668 2057 1735 2087 re-

363 2111 656 2170 demptionem
685 2110 878 2154 omnium
907 2110 1131 2155 hominum
1163 2112 1349 2171 speciem
1378 2113 1518 2165 earnis
1544 2128 1735 2173 assump-

361 2181 477 2225 tam?
498 2182 628 2234 Quod
648 2181 682 2224 si
702 2180 876 2224 Judaeus
899 2181 979 2225 hoc
997 2182 1172 2241 objicit,
1199 2178 1413 2241 quomodo
1430 2184 1532 2242 legit
1549 2198 1558 2226 :
1576 2201 1603 2224 i«
1618 2183 1736 2227 Ecce

358 2251 519 2309 »Virgo
553 2250 733 2311 accipiet
761 2251 983 2302 in‘utero,
1020 2261 1063 2296 et
1087 2253 1225 2312 pariet
1246 2252 1404 2304 filiu1n3
1438 2261 1482 2311 ct
1510 2253 1739 2310 vocabitur

359 2339 377 2363 ι
391 2336 548 2365 nomen
569 2320 660 2379 ejus
681 2321 980 2373 Emmanuel²,
999 2341 1016 2363 »
1040 2325 1160 2381 quod
1187 2332 1251 2367 est
1281 2325 1635 2384 interpretatum,⁴
1660 2339 1738 2368 no-

360 2392 530 2435 hiscum
554 2391 697 2434 Deus?
727 2391 956 2444 Quomodo
984 2394 1088 2452 legit
1115 2412 1125 2437 z
1159 2412 1176 2435 α
1198 2395 1311 2452 Ecce
1339 2396 1412 2453 qui
1443 2392 1739 2454 loquebarad÷

362 2461 579 2506 nsum³Pn
613 2461 841 2514 Quomodo
869 2471 1011 2508 autem
1037 2466 1198 2518 lectum
1233 2467 1381 2509 asserit
1402 2481 1423 2518 :A
1449 2484 1465 2506 «
1484 2466 1599 2510 Ecce
1623 2465 1743 2518 sicut,-

361 2532 596 2592 »panthera
600 2563 688 2576 .....
720 2541 763 2576 et
791 2533 902 2578 sicut
921 2550 1045 2579 ursus
1068 2536 1282 2595 aporiatus
1313 2551 1540 2588 occurram
1568 2535 1654 2582 eis*
1669 2538 1688 2579 ἱ)
1703 2554 1738 2589 ιιν

409 2635 418 2651 ¹
437 2626 516 2660 Isal'.
529 2636 604 2665 cxv,
621 2637 650 2667 1,
667 2637 697 2659 π.
714 2645 756 2652 -
771 2636 784 2652 ⁸
806 2626 863 2662 Id.
881 2637 941 2670 vu,
963 2627 1013 2670 ¹4·
1031 2646 1068 2654 —
1083 2630 1098 2654 ³
1111 2628 1167 2664 Id.
1185 2640 1255 2672 uu,
1268 2629 1303 2666 6.
1315 2647 1357 2655 -
1377 2631 1391 2659 4
1408 2629 1590 2674 Osee-suu,
1607 2627 1698 2673 7,sp
