1794 3256
1775 166 1794 199 a

1785 234 1794 285 ³

395 247 452 295 80
945 258 977 288 s.
1015 252 1214 289 Aaronom
1268 267 1272 270 ¹

388 340 534 386 »niam
556 338 600 382 in
623 336 791 382 Christo
824 333 1079 379 evacuatur¹
1098 351 1111 385 ;
1130 353 1147 376 n
1172 327 1375 387 velatam,
1402 335 1599 396 inquaffi3
1609 313 1794 419 synd-g

393 425 544 472 gogam
569 409 760 453 Christus
787 407 976 465 despexit
997 414 1040 449 et
1061 406 1240 464 sprevit3
1269 409 1383 450 unde
1408 408 1638 470 hodieque
1641 411 1794 467 vela-³2³

389 499 492 529 men
509 497 635 540 super
654 495 729 525 cor
738 478 766 522 J
771 480 988 522 udaeorum
1000 484 1064 520 est
1079 477 1279 535 positum.
1297 478 1354 522 At
1373 492 1474 523 vero
1491 477 1540 524 ea
1563 480 1661 540 quae
1675 490 1768 528 tota
1787 502 1794 525 ι

394 556 449 599 ad
466 551 697 597 Dominum
732 556 876 592 mente
906 547 1194 598 convertitur,
1219 550 1335 592 nuda
1357 558 1421 594 est
1441 558 1585 609 atque
1599 552 1794 613 perspr-gss

389 640 488 670 cua.
519 608 628 666 Cum
648 621 761 664 enim
782 621 876 678 quis
898 635 1126 663 conversus
1148 620 1275 664 suerit
1297 622 1350 664 ad
1369 622 1602 666 Dominum
1617 626 1630 674 ,’
1648 622 1779 669 vela-

394 711 495 740 men
511 694 725 737 auferetur
736 724 747 742 ,
761 691 994 749 utgloriam
1009 691 1088 733 Dei
1101 692 1368 750 speculantes
1378 692 1521 747 videre
1537 694 1762 752 possimus.

393 765 588 822 Denique
603 763 730 806 etiam
750 762 850 804 alibi
868 763 1026 804 nudam
1048 777 1139 804 esse
1156 761 1322 804 virtutis
1343 761 1550 806 indicium
1566 767 1653 815 est,
1669 765 1770 822 quia

394 836 603 894 scriptum
637 841 701 876 est
720 847 730 874 τ
747 849 763 871 «
784 832 890 874 Exui
929 832 1118 874 tunicam
1155 847 1317 882 meam,
1350 835 1569 891 quomodo
1593 834 1772 881 induam
1792 828 1794 831 ¹

391 921 517 949 »eam
535 904 554 947 Ξ)
573 903 674 947 Lavi
696 903 824 961 pedes
845 916 983 951 meOS,
1010 904 1225 959 quomodo
1243 903 1476 960 inquinabo
1493 905 1586 948 illos
1601 905 1616 928 ²
1630 906 1651 949 Ξ)
1663 925 1680 948 n
1711 913 1714 918 ‘

448 974 598 1020 XLVI.
628 973 769 1026 Quam
796 972 924 1029 igitur
955 972 1145 1015 tunicam
1176 974 1359 1017 exuerit.
1387 983 1430 1018 et
1447 990 1535 1018 non
1555 975 1794 1021 invenerit.

389 1045 759 1106 quemadmodum
777 1044 926 1086 induat
948 1058 1064 1093 eam,
1099 1045 1151 1086 de
1183 1045 1414 1102 Scripturis
1430 1078 1441 1096 ‚
1460 1047 1494 1089 si
1514 1062 1767 1105 possumus,
1788 1099 1791 1103 .

390 1119 641 1164 revelemus.
667 1115 742 1158 Est
771 1115 886 1161 enim
909 1117 1101 1172 quaedam
1124 1115 1268 1158 tunica
1291 1118 1546 1175 corporalis,
1566 1127 1667 1163 sunt
1687 1117 1769 1163 cir-

388 1188 615 1248 piditatum
636 1185 830 1243 quaedam
845 1185 1002 1228 intexta
1019 1186 1251 1236 velamina3
1270 1195 1313 1229 et
1336 1187 1433 1230 ideo
1450 1186 1667 1233 interdum
1679 1204 1768 1240 me-
1793 1201 1794 1204 ’

390 1260 471 1304 lius
495 1267 558 1301 est
574 1258 739 1300 nudum
766 1272 857 1299 esse
877 1272 1056 1315 corpore
1071 1290 1082 1307 ,
1104 1272 1232 1315 quam
1256 1259 1386 1302 corde
1410 1260 1611 1304 velatum.
1644 1260 1767 1306 Unde

388 1330 518 1373 etiam
530 1328 684 1371 Paulus
694 1342 771 1369 nos
786 1328 987 1370 admonet
1003 1328 1209 1386 expoliari
1221 1330 1356 1372 multo
1366 1344 1457 1373 esse
1465 1331 1619 1375 melius
1633 1347 1765 1390 qnam

389 1399 683 1460 supervestiri,
701 1398 845 1441 dicens
858 1399 987 1442 etiam
1010 1399 1107 1442 alibi
1124 1415 1133 1441 :
1151 1417 1167 1439 «
1188 1399 1458 1458 Expoliante's
1477 1417 1551 1446 vos
1575 1411 1766 1449 veterem

387 1471 635 1515 »hominem
659 1483 758 1511 cum
777 1469 941 1511 actibus
958 1469 1066 1519 suis,
1088 1470 1252 1512 induite
1268 1486 1427 1515 novum
1444 1473 1517 1530 qui
1535 1483 1768 1521 ronovatur
1792 1476 1794 1479 ’

350 1537 355 1541 ’
387 1561 405 1584 n
419 1542 462 1585 in
475 1541 701 1599 agnitione,
712 1541 954 1582 ‘secundum
972 1540 1200 1598 imaginem
1214 1541 1252 1599 ej
1261 1557 1306 1583 us
1317 1542 1387 1599 qui
1400 1543 1560 1586 creavit
1581 1544 1721 1587 eum’.
1735 1562 1756 1585 ι

387 1612 498 1670 Ergo
519 1626 611 1669 quae
635 1610 843 1668 expoliata
866 1618 953 1659 est,
983 1611 1166 1669 etpedes
1182 1613 1291 1654 lotos
1307 1612 1438 1654 habet
1451 1629 1464 1662 3
1489 1621 1533 1656 et
1555 1613 1652 1657 ideo
1669 1629 1766 1672 quae

384 1683 512 1732 lavit,
520 1681 656 1724 nescit
677 1681 1259 1738 quemadmoduminquinari
1282 1683 1456 1739 possint.
1486 1683 1766 1729 obliviscitur

387 1753 501 1796 enim
525 1767 601 1811 per
627 1750 828 1808 gratiam,
859 1751 973 1807 quod
995 1750 1193 1794 hauserat
1225 1767 1302 1809 per
1330 1761 1539 1796 naturam.
1584 1754 1762 1831 Magnus
1788 1795 1794 1802 ,

387 1824 515 1882 igitur
534 1822 605 1865 hic
621 1828 664 1864 et
681 1820 819 1879 justus
836 1834 956 1863 amor
979 1821 1169 1865 mulieris
1188 1831 1285 1865 ante
1305 1822 1441 1866 David
1456 1823 1617 1883 regiam
1639 1840 1687 1869 so
1704 1810 1766 1871 lae-
1783 1881 1787 1883 λ

383 1895 535 1939 vantis.

442 1963 612 2009 XLVII.
640 1963 801 2008 Verum
822 1978 909 2006 non
931 1965 1068 2007 solum
1091 1965 1219 2015 lavit,
1245 1966 1321 2009 sed
1343 1966 1471 2011 etiam
1497 1968 1684 2018 vocavit:
1710 1977 1761 2012 ut

383 2039 428 2082 in
439 2036 590 2080 eodem
602 2035 845 2093 accepimus
855 2035 965 2078 libro
977 2069 988 2085 ,
1013 2036 1182 2080 dicente
1200 2046 1344 2081 sancta
1362 2039 1576 2083 Ecclesia:
1592 2057 1610 2080 α
1624 2039 1758 2091 Veni,

382 2109 542 2152 »frater
558 2121 701 2156 meus,
725 2121 922 2149 exeamus
947 2107 989 2149 in
1012 2122 1181 2165 agrum,
1207 2109 1524 2166 requiescamus
1541 2110 1584 2153 in
1602 2111 1759 2155 castel-

381 2197 399 2220 π
411 2178 478 2228 lis,
489 2177 675 2220 diluculo
686 2191 906 2234 surgamus
919 2176 962 2218 in
973 2177 1132 2228 vineas,
1147 2179 1367 2222 videamus
1376 2180 1409 2223 si
1425 2179 1712 2234 floruitvitisff.
1727 2199 1747 2222 n

380 2248 477 2293 Non
499 2249 635 2290 solum
658 2246 786 2304 igitur
809 2247 947 2295 lavat,
971 2246 1045 2289 sed
1064 2247 1191 2290 etiam
1226 2248 1445 2292 Christum
1467 2249 1519 2293 ad
1545 2250 1757 2307 sevenire

379 2326 585 2378 provocat
605 2325 648 2360 et
672 2317 819 2360 invitat
842 2313 987 2360 dicens
1007 2333 1016 2360 :
1033 2335 1050 2358 α
1079 2317 1175 2362 Tibi
1207 2320 1319 2363 dabo
1341 2320 1475 2364 ubera
1496 2323 1605 2365 meai
1624 2330 1647 2363 ι
1665 2309 1755 2366 Nee

381 2403 457 2432 sua
467 2395 633 2431 tantum
646 2419 657 2437 ,
677 2387 752 2429 sed
771 2387 898 2431 etiam
918 2403 1024 2431 nova
1041 2403 1088 2431 ac
1110 2397 1252 2433 vetera
1274 2390 1524 2449 pollicetur,
1549 2385 1660 2435 sicui
1681 2389 1757 2434 ha-·

377 2460 485 2504 bes.
502 2459 644 2502 «Nova
660 2466 875 2509 etveteia,
893 2459 1024 2503 frater
1043 2476 1188 2513 meus,
1212 2462 1374 2506 servavi
1396 2461 1497 2506 tibi⁵
1506 2462 1616 2513 .»Et
1632 2462 1755 2521 quasi
1786 2471 1790 2476 “

421 2571 434 2590 ¹
455 2575 472 2597 2
489 2564 567 2597 Cor.
585 2574 635 2601 ιιι,
657 2564 707 2600 13,
721 2568 754 2598 et
768 2573 860 2609 seqq
865 2582 906 2589 —
924 2565 1051 2600 ²Cant.
1072 2567 1154 2608 v,3.
1159 2567 1366 2602 -2G010ss.
1381 2578 1433 2605 ιιι.
1446 2578 1481 2613 9,
1498 2576 1552 2601 ιο.
1564 2567 1632 2593 -4
1649 2567 1755 2620 Cant.

378 2631 439 2664 vn,
458 2631 511 2661 ιι,
529 2630 580 2653 12.
591 2637 631 2644 —
647 2619 840 2654 ⁵1bid.15.
