1794 3256
335 313 353 341 1
365 311 420 340 20
769 347 774 354 .
886 309 919 338 S·
958 308 1162 339 Aussnosu

331 408 348 431 1>
362 398 483 438 tuus,
508 387 589 431 nisi
609 396 656 432 ut
682 387 828 449 diligas
850 388 1095 434 Dominum.
1109 389 1246 433 Deum
1272 396 1395 445 tuum
1414 422 1424 438 .
1445 398 1490 435 et
1512 390 1722 443 ambuleio

332 461 405 504 »in
426 460 625 503 omnibus
646 459 721 504 viis
744 460 859 517 ejus'
875 461 894 503 Ξ)
911 480 927 501 n
948 461 1163 521 Sapientia
1196 478 1366 522 quoque
1395 462 1498 506 dicit
1517 479 1527 506 :
1551 482 1570 503 ι
1588 464 1705 509 Con·-
1790 519 1792 521 .

334 552 350 574 »
364 533 571 592 cupiscite
591 549 691 592 ergo
708 549 926 577 sermones
947 549 1089 585 meos,
1113 535 1402 593 diligite'illos,
1429 544 1471 578 et
1493 535 1722 580 habebitis.

290 641 307 648 -
332 606 628 665 »disciplinam
649 605 680 648 ².
703 625 719 646 »
744 606 867 649 Clara
897 614 983 657 est,
1019 615 1070 659 ot·
1098 622 1191 665 quae
1222 622 1450 665 nunquam,
1467 614 1717 651 marcescat.

337 677 563 736 sapientia,
587 685 629 720 et
652 675 776 720 facile
798 677 965 720 videtur
985 678 1038 720 ab
1063 677 1112 720 iis
1128 678 1199 736 qui
1222 679 1403 736 diligunt
1421 678 1557 727 illam,
1575 686 1619 720 et
1639 677 1725 724 inv,

335 747 503 790 venitur
531 748 583 789 ab
607 747 656 790 iis
678 748 753 806 qui
773 757 970 806 quaerunt
991 749 1118 792 illam.
1148 749 1356 807 Legitime
1380 765 1481 807 ergo
1503 750 1710 791 docemur

337 835 358 863 a
381 828 526 862 sancto
547 820 759 878 Propheta
777 822 1037 864 voluntatem
1060 821 1102 863 in
1124 821 1236 879 Lege
1261 821 1439 871 habere,
1463 819 1719 863 meditatio?-

332 906 433 934 nem
463 892 698 934 secundum
731 891 901 950 Legem.
938 892 1140 936 Voluntas
1170 893 1211 935 in
1238 892 1350 951 Lege
1382 907 1468 936 non
1499 893 1637 935 solum
1664 890 1713 934 iu

337 962 502 1015 studio,
533 963 608 1005 sed
636 962 766 1005 etiam
802 963 844 1006 in
875 963 989 1007 sacto
1020 972 1096 1007 est.
1132 964 1253 1007 Prior
1284 965 1497 1014 voluntas,
1521 962 1711 1007 secunda

335 1033 536 1093 operatio.
565 1034 760 1092 Denique
778 1042 820 1077 et
837 1034 1045 1078 Dominus
1069 1034 1226 1078 dicenti
1244 1033 1347 1077 sibi:
1375 1051 1392 1073 «
1409 1034 1452 1082 Si
1475 1034 1561 1083 vis,
1588 1040 1714 1091 potes

338 1120 438 1148 »me
454 1106 684 1154 mundare,
704 1124 720 1144 »
745 1106 965 1164 respondit
984 1121 995 1148 ε
1021 1124 1038 1145 α
1055 1105 1183 1155 Volo,
1211 1103 1477 1154 mundare⁵f3
1497 1122 1514 1144 »
1535 1119 1621 1161 quo
1641 1118 1724 1154 os·—⁴

339 1177 535 1220 tenderet
565 1175 886 1234 operationibus
919 1176 1072 1220 nostris
1103 1178 1363 1219 voluntatem
1400 1174 1598 1234 praeviam
1622 1188 1722 1222 esse,

342 1247 511 1290 deber-e.
538 1247 733 1304 Denique
759 1248 828 1290 lex
845 1247 1102 1291 voluntarios
1125 1248 1299 1306 quaerit-3
1323 1247 1423 1305 quia
1449 1249 1518 1291 lex
1540 1244 1714 1288 Domini

335 1316 726 1376 irreprehensibilis
757 1326 843 1368 est,
877 1328 1128 1362 convertens
1164 1319 1383 1362 animam:
1412 1325 1715 1362 nemo-autem
1774 1312 1781 1317 '

346 1389 631 1440 convertitur,
665 1389 746 1432 nisi
773 1390 845 1447 qui
876 1392 1093 1447 voluntate
1131 1391 1406 1434 convertitur.
1443 1386 1728 1437 voluntarius-2

347 1470 488 1504 autem
511 1461 736 1505 abscondit
758 1470 801 1505 et
823 1478 994 1511 sensum
1016 1463 1181 1506 furatur
1202 1462 1370 1506 laboris.
1663 1500 1683 1510 -

403 1532 568 1577 XXXI.
609 1535 795 1592 Ideoque
807 1536 874 1578 die
890 1544 934 1579 et
952 1543 1075 1578 nocte
1095 1536 1138 1579 in
1158 1535 1270 1594 Lege
1289 1524 1551 1589 meditatur:
1572 1539 1620 1583 in
1631 1553 1725 1598 quo

344 1618 430 1648 non
455 1612 539 1647 tam
559 1605 760 1648 continua
782 1607 950 1665 legendi
973 1608 1212 1666 postulatur
1237 1608 1442 1659 intentio,
1473 1625 1605 1668 quam
1630 1625 1722 1653 ser-

346 1677 493 1720 vandae
510 1675 636 1734 Legis
660 1677 850 1721 ass‘ectus.
871 1679 958 1726 ,llle
980 1680 1094 1723 enim
1116 1681 1517 1739 plonelmeditatur,
1544 1680 1617 1739 qui
1638 1681 1719 1723 sihi

347 1747 437 1805 ipse
453 1748 521 1790 lex
534 1756 623 1797 est,
643 1748 851 1807 scriptum
872 1749 915 1792 in
937 1751 1068 1793 corde
1089 1767 1166 1793 suo
1183 1751 1284 1810 legis
1305 1751 1545 1794 intendens.
1569 1750 1723 1808 Aquila

349 1826 518 1869 tamen,
555 1819 669 1862 diem
699 1824 994 1877 tantummodo
1032 1823 1214 1881 posuit„
1241 1839 1328 1866 non
1366 1823 1495 1866 etiam
1529 1830 1721 1866 noctem.

351 1889 477 1941 Quod
505 1905 591 1933 non
621 1899 710 1935 tam
739 1906 765 1934 a·
794 1893 956 1935 caeteris
986 1893 1253 1952 discrepans,
1277 1909 1405 1952 quam
1435 1894 1515 1937 alio
1537 1892 1723 1936 reserens

349 1960 491 2019 posuit
502 1978 515 2011 ;
535 1962 737 2019 quoniam
754 1964 826 2020 qui
841 1964 998 2022 Legem
1013 1966 1260 2016 meditatur,
1284 1981 1454 2025 semper
1469 1965 1513 2008 in
1527 1966 1630 2013 luce
1639 1972 1721 2016 est,
1790 1982 1791 1985 ¹

348 2039 523 2078 noctem
550 2047 636 2075 non
670 2033 812 2077 habet.
839 2035 1008 2078 Etenim
1038 2035 1161 2094 cujus
1189 2038 1337 2080 lucent
1366 2050 1624 2096 opera-‚non
1643 2049 1725 2093 po-

354 2110 436 2145 test
457 2103 606 2161 utique
637 2104 678 2147 in
705 2106 890 2150 tenebris
922 2108 1162 2158 ambular03
1190 2109 1287 2167 quia
1318 2108 1478 2166 justitia
1497 2106 1726 2164 ejus-sicut

350 2174 498 2218 lumen
518 2175 704 2234 effulget.
734 2178 961 2222 Meditetur
981 2195 1082 2238 ergo
1105 2180 1262 2239 Legem
1283 2180 1369 2223 vita
1396 2187 1564 2228 nostra,
1587 2173 1726 2221 medi-

351 2253 467 2288 tetur
488 2247 774 2297 conversatio,
796 2249 1031 2292 meditetur
1055 2258 1196 2300 actus,
1228 2250 1460 2293 meditetur
1486 2248 1726 2296 intellectus

350 2317 656 2374 mysteriorum
678 2321 928 2364 coelestium.
955 2321 1043 2364 Lex
1056 2322 1171 2365 enim
1187 2322 1405 2380 exemplar
1424 2329 1489 2364 est
1508 2328 1554 2364 et
1571 2320 1726 2365 umbra

351 2388 587 2432 coelestium
603 2422 615 2439 ,
648 2392 802 2434 umbra
832 2392 1027 2436 futurum
1046 2394 1262 2437 bonorum
1277 2427 1288 2444 ,
1311 2409 1409 2451 quae
1431 2393 1466 2436 is
1487 2392 1559 2451 qui
1588 2389 1727 2436 credit

346 2457 399 2500 in
435 2457 569 2517 Lege,
608 2460 651 2503 in
689 2462 920 2521 Evangelio
944 2464 1224 2523 recognoscit.
1263 2464 1502 2507 Meditetm‘
1523 2462 1568 2505 in
1607 2469 1729 2506 tene·-

353 2528 464 2580 bris,
489 2539 534 2574 et
554 2531 652 2581 die,
678 2531 726 2576 id
751 2541 840 2583 est,
869 2543 914 2578 et
945 2534 986 2577 in
1010 2535 1196 2579 adversis
1222 2536 1407 2593 positus,
1430 2531 1721 2592 ειρτωροήσ.

353 2599 451 2646 Lex?
467 2602 582 2645 enim
604 2604 800 2666 praecipit
830 2614 878 2649 ut
907 2605 1054 2665 diligas
1081 2606 1314 2650 Dominum
1347 2615 1483 2649 tuum.
1507 2603 1607 2658 Qui
1626 2601 1731 2647 dili—

402 2693 531 2728 ·.Deut
547 2705 721 2732 vnio-,12
740 2697 1462 2743 -·Sap-vi,12.-³Matth.v1n‚2‚3.
