1794 3256
10 2120 19 2126 .
0 2083 16 2094 ἢ·
0 1956 22 2069 vm<
0 1847 21 1929 ,ην-’σε
0 1775 7 1827 ‘-

447 291 686 321 tunsum
716 292 766 321 m
790 290 978 322 ruma
1007 291 1122 320 mu.
1382 277 1470 333 369

107 370 259 429 »pulso
276 384 290 412 ε
310 376 358 412 ot
375 367 410 411 si
429 368 524 426 quis
545 369 730 413 audierit
747 378 904 413 vocem·
916 383 1057 413 meam
1068 401 1083 423 ‚
1100 377 1145 412 et
1166 369 1381 427 aperuerit
1403 368 1471 425 ja-

107 444 291 489 nnuam',
326 438 493 483 intrabo
525 440 581 482 ad
605 454 707 482 eum
727 472 741 490 ,
768 438 1025 484 et.coenabo
1052 453 1154 483 cum
1184 438 1282 487 ino,
1313 446 1359 481 et
1381 438 1470 496 ipse

107 509 350 555 smmum*⁶
374 527 393 551 ι
416 509 519 553 Haec
543 509 674 568 igitur
700 510 883 554 diximus
911 516 1135 569 propterea
1159 509 1278 568 quod
1293 509 1352 552 ait
1370 509 1470 552 Pro-

98 581 235 641 =pheta
259 596 305 624 z«
318 580 524 639 Repulisti
539 596 620 624 nos
633 614 646 632 ,
664 589 710 625 et
732 596 820 625 non
835 581 1117 640 progredieris
1129 613 1143 631 ,
1163 581 1279 625 Deus
1291 614 1304 631 ‚
1321 581 1367 624 in
1383 580 1471 624 vir-

106 670 125 694 »
138 653 301 713 tutibus
320 651 488 695 nostris.
515 670 534 692 »

167 722 336 767 XXXI.
371 720 630 780 Simpliciter
652 731 795 766 autem
819 731 864 766 et
903 723 1010 767 illud
1037 722 1298 782 accipiamus
1319 739 1334 773 ς
1370 722 1470 781 quia

107 793 224 837 Deus
244 808 489 852 progressus
515 802 580 836 est
599 793 644 836 in
666 793 893 837 virtutibus
912 793 1177 844 ludaeorum,
1199 794 1370 853 quando
1392 794 1472 838 Je-

107 880 179 909 sus
206 865 323 909 Nave
350 866 504 908 ducem
530 864 693 907 militioe
723 866 908 909 coelestis
931 866 1122 910 adoravit
1148 881 1160 908 :
1190 874 1234 908 et
1259 866 1355 909 ideo
1377 865 1471 909 sine

105 935 219 979 fen-o
232 935 335 980 vicit
346 968 359 985 ‚
380 943 424 978 et
438 935 530 978 siue
548 936 633 978 ulla
642 936 872 979 obsidione
882 935 1090 980 destruxit
1105 937 1258 980 urbem
1271 936 1299 980 J
1300 936 1468 987 ericho,

107 1022 202 1066 qum
228 1007 414 1051 habebat
433 1005 713 1050 validissimos
739 1022 897 1051 muros.
922 1007 1109 1060 Quando
1134 1007 1250 1050 enim
1270 1021 1472 1066 progres-

107 1093 179 1123 sus
196 1080 263 1122 est
281 1079 324 1122 in
345 1077 571 1122 virtutihus
586 1093 806 1120 servorum
818 1092 994 1121 suorum
1007 1079 1122 1122 Deus
1139 1110 1153 1128 ,
1172 1078 1351 1121 victoria
1373 1093 1474 1121 con-

106 1158 252 1195 secuta
265 1158 345 1193 est.
363 1149 471 1194 Nam
483 1163 732 1208 progressus
743 1158 809 1192 est
822 1149 1012 1207 Angelus
1027 1150 1083 1192 ad
1091 1149 1287 1192 Ezechiae
1302 1165 1470 1208 preces,

109 1229 154 1264 et
173 1220 320 1264 stravit
340 1221 582 1263 innumeras
607 1219 752 1278 copias
776 1219 1061 1277 Assyriorum.
1091 1218 1179 1263 Sed
1198 1219 1413 1262 interdum
1428 1229 1474 1263 et

103 1306 217 1349 quos
233 1291 326 1333 vult
342 1290 388 1333 in
407 1289 639 1333 certamine
659 1289 857 1333 coronari
874 1290 1085 1347 Dominus
1097 1321 1111 1339 ,
1137 1289 1268 1332 veluti
1289 1290 1478 1332 derelin-

106 1363 202 1422 quit
228 1363 283 1407 ad
308 1370 477 1421 tempus
494 1378 511 1411 ς
533 1370 581 1404 ut
607 1360 695 1404 fide
720 1361 914 1410 vincant,
942 1376 1023 1404 nec
1050 1360 1180 1403 rebus
1210 1361 1410 1403 secundis
1430 1370 1476 1404 et

109 1433 324 1495 prosperis
350 1433 519 1476 devotio
549 1433 805 1475 remittatur.
835 1432 1029 1490 Denique
1059 1447 1170 1491 saepe
1202 1431 1277 1490 qui
1303 1447 1477 1490 prospe»

112 1520 258 1550 rorum
275 1519 418 1555 cursu,
443 1514 490 1548 et
502 1505 789 1548 secundorum
802 1500 1364 1562 usurpatione-ceciderunt,
1382 1518 1476 1546 cor·

112 1576 307 1634 rigantur
320 1575 517 1618 adversis.
537 1575 639 1617 Ideo
655 1573 900 1632 frequenter
919 1573 1158 1616 invenimus
1179 1573 1354 1616 Judaeos
1374 1583 1475 1632 post

112 1645 332 1688 victoriam
351 1645 511 1703 lapsos,
539 1652 635 1703 post
654 1644 872 1687 servitium
893 1653 1131 1693 correctos3
1154 1643 1254 1701 quia
1273 1643 1475 1702 precibus

112 1725 158 1760 et
170 1715 529 1776 deplorationibus
548 1717 687 1759 Deum
705 1716 760 1758 ad
781 1731 826 1758 se
848 1715 989 1758 redire
1004 1715 1211 1758 fecerunt.
1375 1750 1378 1754 .
1467 1753 1469 1755 .

171 1787 358 1833 XXXII.
380 1789 502 1832 Unde
512 1796 556 1831 et
566 1788 671 1831 illud
690 1789 807 1845 quod
819 1788 1056 1830 secundum
1072 1787 1291 1838 hominem
1310 1786 1475 1831 dictum

113 1868 179 1904 est
196 1893 209 1911 ,
236 1868 282 1904 et
305 1859 491 1904 hominis
521 1859 737 1909 affectum,
762 1859 864 1902 huic
892 1860 1223 1902 sententiae'non
1249 1868 1474 1918 repugnat,

54 1963 67 1966 -
111 1932 214 1991 quia
247 1931 353 1975 dixit
391 1931 629 1975 Dominus:
665 1948 683 1970 ι
703 1931 835 1980 Deus,
875 1929 991 1974 Deus
1025 1946 1147 1974 meus
1177 1931 1343 1989 respice
1371 1945 1473 1978 me;

113 2017 275 2060 »quare
292 2017 364 2045 me
382 2000 667 2060 dereliquisti²
682 2000 703 2043 Ρ
716 2020 735 2040 ι
756 2001 851 2045 Non
871 2001 988 2059 quod
1007 2001 1236 2045 derelictus
1260 2001 1316 2044 sit
1334 2001 1477 2044 Domi·

114 2089 221 2125 nus,
244 2073 318 2132 qui
339 2073 398 2116 ait
421 2073 522 2116 alibi
541 2087 554 2115 τ
580 2091 598 2112 ι
614 2072 830 2125 Quoniam
849 2074 963 2116 solus
983 2088 1069 2116 non
1095 2088 1189 2116 sum
1204 2105 1216 2122 ,
1237 2073 1336 2131 quia
1350 2071 1476 2116 Pater

71 2140 77 2144 ’
114 2159 316 2188 »mecum
333 2144 421 2188 est³
436 2161 450 2194 ς
467 2163 484 2185 ι
511 2159 555 2187 se
575 2143 674 2201 quia
694 2144 931 2187 secundum
946 2159 1119 2187 carnem
1142 2143 1328 2187 hominis
1351 2152 1397 2187 et
1419 2143 1476 2186 af-

114 2211 299 2265 fectum,
317 2215 391 2273 qui
412 2215 457 2257 in
476 2212 708 2258 certamine
730 2214 845 2273 gravi
866 2223 931 2258 est
949 2214 1224 2261 constitutus,
1241 2213 1474 2257 derelictus

116 2285 283 2328 videtur
296 2299 320 2328 a
336 2284 532 2328 Domino.
558 2284 752 2342 Denique
772 2298 861 2326 non
876 2284 1009 2327 otiose
1026 2284 1084 2327 ait
1102 2282 1325 2342 Scriptura
1337 2315 1351 2332 ,
1376 2282 1476 2340 quia

115 2365 213 2415 post
231 2356 508 2399 tentationem
537 2350 719 2414 primam
748 2353 940 2397 discessit
964 2355 1017 2398 ab
1044 2369 1096 2397 eo
1127 2354 1321 2396 diabolus
1340 2367 1477 2409 usque

118 2427 172 2469 ad
192 2417 382 2484 tempus*
395 2458 410 2476 ‚
433 2426 518 2468 hoc
532 2434 611 2475 est,
631 2439 767 2482 usque
787 2426 841 2467 ad
856 2423 1201 2473 certamen3·ubi
1219 2413 1335 2466 enim
1355 2436 1476 2480 mag-

116 2508 223 2540 num
238 2502 456 2540 certamen
474 2511 604 2540 sacrae
617 2495 822 2554 passionis
838 2494 1023 2546 advenit,
1039 2494 1196 2537 iterum
1215 2492 1476 2538 adversarius

119 2569 175 2612 ad
202 2575 462 2612 tentamenta
488 2566 692 2613 successit
716 2581 727 2609 ε
759 2566 889 2609 homo
914 2574 1058 2610 autem
1086 2565 1258 2623 quando
1283 2565 1400 2608 velut
1429 2563 1473 2606 in

161 2663 170 2677 ¹
188 2658 293 2702 Apoc.
307 2669 359 2696 m.
375 2669 428 2695 πο.
443 2676 484 2684 -
499 2667 512 2683 ¹
532 2657 614 2693 Psat.
633 2668 703 2702 xx),
719 2667 750 2690 2.
764 2674 806 2683 -
823 2657 839 2682 ³
854 2656 951 2692 loon.
963 2667 1032 2695 xvi,
1046 2656 1153 2691 δι-
1167 2657 1181 2683 ⁴
1197 2656 1279 2690 Luc.
1292 2665 1339 2694 tv,
1354 2654 1408 2688 ιδ.

267 2727 348 2757 ιη.
1273 2710 1331 2760 24
