1794 3256
318 245 410 306 344
726 310 729 313 Ι
875 258 908 288 s.
947 257 1140 303 Auwnnosu

322 352 403 381 nec
439 335 657 395 superiora
689 334 813 379 nobis
843 334 941 379 secit
981 336 1129 378 obesse
1162 333 1343 395 flagitia,
1379 335 1534 395 quihus
1572 342 1699 385 tauto

324 407 558 452 certamine
587 407 880 466 judicaremur
908 405 1070 464 indigni
1107 405 1338 465 (quaeritur
1357 407 1478 473 eninr
1490 406 1626 467 'etiam
1646 407 1700 462 in

323 478 375 522 ii's
401 478 473 537 qui
504 479 679 521 lustrale
711 483 929 520 'certamen
959 477 1042 520 hoc
1066 477 1251 538 subeunt
1280 458 1389 535 (50),
1412 478 1540 521 ctiam
1567 476 1695 521 disci-

324 549 442 608 plina
468 548 656 607 vivendi)
687 548 745 591 ita
776 561 922 590 rursus
955 563 1008 590 nc
1030 556 1140 591 tanta
1169 557 1446 608 peccatorum
1470 548 1701 609 donatione

326 620 527 670 resoluti,
560 620 602 663 in
633 619 849 678 superiora
877 613 1038 679 flagitia
1069 621 1136 663 vel
1173 620 1376 676 desidiam
1411 628 1705 680 revertamur,

327 688 518 734 Psalmus
546 690 623 732 iste
646 705 722 732 nos
752 691 953 732 admonet
972 691 1106 733 multa
1137 690 1287 741 nobis,
1319 699 1361 734 et
1392 691 1531 750 gravia
1562 698 1705 734 certa-

328 759 444 803 mina
467 774 558 802 esse
578 759 817 818 proposita3
841 768 889 802 ut
909 775 1036 803 nemo
1052 760 1131 803 nisi
1155 762 1228 819 qui
1254 761 1440 822 legitime
1461 770 1602 806 certas*
1604 759 1707 810 erit,

332 838 576 872 coronetur.
613 829 886 873 Luctandum
911 839 975 873 cst
1002 830 1131 900 igitur
1167 832 1366 878 adversus
1405 816 1544 877 carnis
1577 829 1712 888 hujus

332 898 581 948 illecebras,
611 907 653 942 et
673 899 882 943 servorem
900 894 1144 959 sanguinis:
1163 902 1414 949 luctandum
1428 909 1492 944 est
1509 901 1712 961 adversus

335 971 545 1028 nequitias
567 970 786 1029 spiritales.
819 972 953 1016 Nemo
987 972 1154 1031 gravior
1177 963 1411 1021 domestico
1437 961 1676 1025 adversario
1697 985 1716 1012 ι

338 1055 467 1084 nemo
488 1043 712 1086 nocentior
732 1032 856 1086 hoste
871 1059 922 1086 eo
937 1077 948 1094 ,
975 1044 1043 1086 cui
1065 1044 1246 1087 coelestis
1258 1043 1504 1104 substantia}
1522 1041 1720 1103 potentia·

342 1113 608 1171 suffragatur.
656 1114 765 1156 Cum
804 1115 900 1158 dico
933 1130 1060 1158 nemo
1079 1148 1090 1165 ,
1118 1108 1260 1158 'divini
1294 1122 1510 1174 memento
1551 1129 1618 1171 ser
1655 1158 1658 1159 ⁷
1697 1136 1718 1146 ··

342 1184 438 1234 nis,
467 1200 550 1242 quo
579 1186 684 1228 dixit
705 1184 957 1229 Βοωίηιιεέ
974 1205 990 1226 «
1018 1186 1129 1239 Quia
1150 1185 1287 1250 major
1317 1201 1369 1228 ex
1403 1185 1511 1229 natis
1528 1182 1722 1228 mulieris

345 1273 364 1294 »
379 1253 544 1297 Joanne
563 1255 772 1322 Baptista
775 1255 940 1307 nemo²
946 1288 956 1298 .
981 1256 1115 1300 »Nam
1139 1255 1213 1314 qui
1233 1264 1357 1306 natus
1379 1264 1443 1299 est
1454 1271 1506 1298 cx
1517 1254 1691 1314 Virgine
1707 1286 1722 1303 ,

347 1324 437 1382 ipsc
463 1339 591 1384 super
621 1341 769 1379 omnes
798 1337 872 1369 est.
909 1325 962 1368 Et
993 1325 1087 1371 idco
1120 1327 1335 1369 neminem
1376 1341 1614 1375 vereamur,
1647 1323 1723 1383 qui

349 1391 568 1438 Christum
590 1394 822 1446 habemus;
849 1396 1050 1454 quoniam
1073 1396 1105 1439 si
1130 1397 1324 1439 Christus
1349 1412 1427 1454 pro
1456 1396 1614 1445 nobis,
1616 1395 1728 1453 quis

352 1475 502 1509 contra
515 1466 622 1509 nos?
645 1467 867 1509 Certemus
891 1483 991 1526 ergo
1012 1483 1147 1525 usque
1174 1469 1227 1510 ad
1259 1466 1414 1517 finem,
1438 1475 1485 1510 ut
1512 1465 1727 1510 evacuatis

352 1536 577 1587 omnibus,
601 1552 693 1594 quac
718 1539 916 1580 adversus
944 1537 1092 1581 Jesum
1120 1546 1163 1580 et
1187 1537 1359 1587 Domini
1392 1539 1654 1590 voluntatem
1681 1535 1732 1578 in

352 1614 500 1648 nostro
539 1613 636 1650 ante
667 1608 846 1666 corpore
875 1607 1139 1658 militabant,
1173 1623 1281 1651 vcrae
1318 1607 1527 1651 exercitiis
1563 1603 1739 1649 virtutis

355 1677 530 1727 intenti,
555 1677 631 1720 soli
653 1678 745 1721 Deo
778 1687 923 1722 nostro
951 1686 994 1721 et
1020 1678 1204 1722 Domino
1237 1678 1480 1721 serviamus.
1509 1677 1588 1720 Hic
1614 1674 1730 1719 enim

360 1746 478 1798 finis,
498 1755 546 1790 ut
567 1749 772 1807 scriptum
791 1757 854 1792 est
878 1764 888 1791 τ
906 1766 921 1789 ι
937 1745 1137 1793 Primitiae
1159 1748 1584 1793 Christus....dcinde
1606 1745 1702 1790 finis
1716 1779 1728 1796 ,

359 1834 375 1856 »
390 1812 728 1861 cum‘tradiderit
740 1834 917 1877 regnum
926 1820 1017 1862 Deo
1036 1828 1078 1861 et
1093 1818 1228 1868 Patri;
1249 1834 1348 1861 cum
1366 1817 1633 1862 evacuaverit
1645 1830 1742 1859 om—

360 1903 490 1931 »nem
519 1888 809 1948 Principatum
837 1886 1156 1934 ‹it-potestatem
1177 1898 1223 1933 et
1251 1889 1590 1934 Virtutem....ut
1617 1902 1740 1931 mors

362 1958 619 2001 »novissima
642 1959 911 2003 destruatur²
932 1993 943 2011 ,
963 1978 978 2000 n
992 1966 1034 2002 et
1055 1959 1305 2018 incipiamus
1324 1960 1415 2002 Deo
1431 1974 1522 2002 esse
1533 1956 1735 2016 subjecti,

363 2043 544 2087 regnum
567 2030 610 2072 in
630 2031 762 2073 nobis.
779 2032 953 2075 coeleste
974 2039 1189 2074 servantes
1202 2063 1213 2081 ,
1232 2030 1306 2073 ubi
1328 2038 1419 2075 erat
1436 2038 1534 2074 ame
1552 2028 1747 2074 colluvia

365 2107 655 2159 peccatorum.
681 2147 684 2150 ,

426 2172 477 2214 ΙΙ.
505 2172 656 2215 Merito
674 2188 774 2231 ergo
791 2192 801 2216 z
819 2174 895 2218 «In
909 2173 1039 2217 finem
1063 2172 1160 2217 filiis
1177 2173 1288 2217 Core
1309 2167 1548 2216 intellectu‘s
1562 2204 1573 2220 ,
1592 2169 1740 2214 »Psal-ss'

364 2256 462 2296 mus
485 2242 756 2294 inscribitur,
779 2252 827 2287 ut
848 2245 892 2288 in
914 2260 965 2288 eo
988 2245 1285 2303 cognoscendo
1307 2259 1394 2287 non
1417 2241 1599 2301 vulgaris
1626 2239 1743 2284 audiss

369 2321 462 2363 ῐιι5,
494 2315 568 2357 sed
601 2314 844 2361 intellectus
881 2316 1078 2375 spiritalis
1116 2321 1329 2375 operetur.
1366 2311 1560 2372 Denique
1589 2311 1745 2371 Aquila

383 2385 630 2429 «psalmum
650 2386 882 2446 disciplinae
899 2407 916 2429 ι»
929 2388 1083 2447 posuit.
1106 2388 1267 2431 Etideo
1284 2387 1361 2438 tibi
1381 2386 1484 2430 dicit
1496 2383 1714 2448 Scriptura
1727 2397 1750 2426 τ

383 2471 399 2493 α
421 2455 484 2498 Da
504 2456 545 2497 in
568 2457 834 2515 disciplinam
861 2473 936 2502 cor
960 2467 1080 2501 tuum
1094 2475 1106 2508 3
1131 2473 1253 2501 aures
1276 2466 1418 2501 autem
1438 2461 1532 2500 tuas
1552 2460 1746 2514 pmpara

373 2527 670 2570 »sermonibus
702 2527 954 2572 intellectus.
983 2530 1067 2575 »Et
1089 2530 1187 2572 alibi
1213 2544 1258 2572 :a
1272 2528 1408 2588 Dilige
1427 2526 1678 2587 sapientiam
1693 2531 1749 2567 *et

421 2625 431 2640 ³
450 2617 571 2651 Matth.
589 2628 639 2659 xi,
659 2628 708 2651 ιι.
731 2637 771 2644 --
786 2629 799 2644 ¹
823 2629 836 2653 ι
855 2619 936 2655 Cor.
950 2631 1004 2662 xv,
1023 2621 1079 2663 23,
1096 2627 1128 2656 et
1143 2630 1236 2666 seqq.
