1794 3256
357 264 439 310 252
517 313 519 315 ,
906 280 936 310 s.
975 280 1165 311 AMnnosn

352 355 574 416 Scriptura
612 355 688 401 tibi
722 357 862 403 dicit:
897 378 912 400 α
937 360 1146 420 Cognovit
1173 361 1381 408 Dominus
1414 365 1486 438 qui
1522 375 1620 434 sunt
1626 364 1722 447 ip⁴

352 446 370 470 n
385 427 494 473 sius'
503 447 553 472 ,η
575 429 735 488 Iniquis
761 440 902 475 autem
921 431 1053 475 dicit.
1083 450 1099 472 «
1118 433 1354 478 Discedite
1355 451 1376 478 a
1397 435 1488 488 me,
1492 431 1613 517 quia
1632 448 1723 489 ιιοιι

351 500 482 545 »novi
502 500 607 545 ιὀε2
614 533 624 545 .
650 519 666 542 »
688 503 741 546 Et
762 518 839 561 per
858 503 1116 548 Hieremiam
1142 506 1311 551 locutus
1332 515 1395 551 est
1417 506 1605 552 dicens:
1617 526 1633 549 α
1650 501 1725 567 Si?

351 580 455 616 »cut
488 587 618 632 agnus
642 574 794 616 ductus
822 589 915 617 sum
946 576 999 618 ad
1031 573 1365 628 immolandum,
1394 586 1436 621 et
1461 569 1660 623 nescivi³.
1689 597 1708 621 ι

352 643 582 696 Quomodo
604 645 822 688 nesciebat
845 647 961 704 quod
985 645 1178 691 futurum
1211 656 1308 693 anto
1329 648 1609 708 praedixerat?
1634 639 1723 696 Sed

349 713 530 763 nescivi,
570 714 708 772 inquit
722 748 733 766 ,
777 717 1054 775 cogitationes
1091 732 1267 768 eorum,
1276 718 1506 762 malitiam
1534 731 1713 782 eorum.

346 783 454 827 Nolo
473 785 582 828 scire
604 801 696 844 quae
719 788 932 846 sanguinis
955 797 1066 832 sunt.
1088 789 1280 848 Denique
1301 807 1317 830 «
1333 790 1426 834 Non
1450 791 1719 852 congregabo

345 856 672 900 »conventicula
696 874 846 902 eorum
877 860 930 903 de
961 861 1262 919 sanguinibus*
1279 878 1290 910 ς
1318 880 1334 902 α
1351 870 1423 912 et,
1449 879 1465 902 α
1481 861 1647 906 Deleo
1635 862 1718 907 mi-

345 945 362 968 »
377 927 557 985 quitates
581 944 753 981 eorum,
785 939 828 974 et
852 946 1020 975 memor
1041 946 1128 975 non
1150 931 1290 975 sum‘.
1314 951 1330 973 »
1354 932 1461 977 Nolo
1483 923 1591 977 scire
1623 949 1718 992 quae

344 999 600 1043 remissurus
623 1002 783 1045 adveni.
812 1002 907 1046 Non
930 1004 1107 1062 cognovi
1131 1003 1245 1063 ligna
1274 1019 1367 1062 quae
1404 1004 1599 1055 ardeant,
1633 1015 1719 1050 nec

346 1084 441 1127 quae
463 1070 506 1113 in
525 1085 675 1115 acervo
698 1072 910 1130 lignorum
924 1075 1171 1134 suntposita
1186 1108 1198 1126 ,
1221 1075 1289 1119 vel
1309 1075 1528 1134 stipulam,
1550 1076 1619 1119 ve'l
1631 1072 1716 1141 ‘fue-

345 1153 448 1182 num
461 1158 473 1189 3
498 1149 546 1183 ut
567 1141 691 1184 citius
713 1157 762 1185 oa
781 1143 1055 1188 nutrimentis
1075 1145 1159 1188 suis
1179 1145 1350 1188 flamma
1373 1152 1607 1191 consumat.
1638 1146 1714 1194 Illa

341 1210 439 1252 volo
469 1210 577 1253 scire
604 1226 701 1268 quae*
723 1222 946 1264 maneant,
974 1223 1022 1258 ut
1049 1215 1236 1260 fructum
1267 1232 1351 1259 suae
1369 1216 1576 1262 mercedis
1599 1216 1716 1260 acci-

341 1278 490 1337 piant:
519 1279 590 1329 illa
613 1282 708 1323 volo
738 1282 966 1341 scirequae
995 1300 1121 1344 supra
1153 1285 1481 1330 fundamentum
1504 1284 1713 1331 aedificata

342 1357 463 1399 sunt,
497 1358 546 1393 ut
573 1351 875 1403 meliorentur-3
900 1369 986 1396 non
1008 1370 1101 1413 quae
1124 1355 1167 1398 in
1198 1356 1288 1407 via,
1323 1356 1398 1400 ubi
1430 1372 1479 1399 ea
1513 1355 1716 1415 diripiant

337 1428 605 1464 transeuntes
627 1437 636 1464 ε
662 1422 730 1465 illa
753 1425 848 1467 volo
867 1425 974 1468 scire
996 1441 1089 1483 quae
1106 1427 1201 1470 vitis
1224 1435 1349 1478 sunt,
1367 1428 1438 1470 illa
1460 1436 1575 1471 certa
1597 1428 1713 1488 ligna

340 1505 434 1548 quae
455 1491 593 1535 serant
613 1492 824 1545 fructum
850 1510 936 1538 non
958 1512 1006 1539 ea
1029 1512 1122 1555 quae
1139 1497 1182 1540 in
1203 1497 1337 1540 fasces
1360 1499 1538 1542 collecta
1560 1498 1656 1542 ad
1643 1514 1711 1542 m-

319 1561 540 1605 xcendium
572 1573 886 1622 praeparantum
918 1566 963 1609 id
999 1575 1086 1618 est,
1117 1582 1203 1610 non
1238 1582 1332 1610 sum
1364 1567 1445 1611 illis
1476 1560 1637 1611 arbiier
1666 1576 1712 1612 et

339 1632 501 1682 socius,
526 1648 618 1691 quae
642 1636 802 1678 caduca
823 1645 934 1680 sunt.
965 1626 1059 1681 Non
1087 1653 1188 1696 ergo
1219 1638 1397 1681 societas
1418 1638 1598 1697 alicujus
1620 1637 1706 1691 rei,
1733 1680 1735 1682 ,

340 1703 415 1745 sed
436 1702 615 1747 societas
638 1705 863 1749 criminosa
886 1707 929 1749 in
955 1710 1077 1767 culpa
1095 1717 1170 1753 est.

397 1772 582 1817 XXXV.
617 1775 714 1830 Qua
731 1776 894 1820 ratione
918 1787 1060 1821 autem
1085 1794 1172 1823 non
1195 1780 1394 1839 cognovit
1415 1771 1457 1823 in
1475 1779 1710 1824 infructuo-

339 1843 393 1886 sis
415 1853 457 1887 ot
479 1845 696 1903 fragilibus
718 1848 974 1905 gloriantes?
995 1850 1105 1903 Quia
1128 1851 1248 1894 malis
1272 1852 1470 1910 operibus
1485 1859 1528 1895 et
1550 1851 1708 1910 iniqui-—

339 1914 436 1957 tatis
464 1930 549 1958 suae
576 1917 797 1960 securibus
829 1927 1026 1963 evertunt
1054 1921 1203 1964 anima:
1230 1920 1365 1964 fidelis
1393 1922 1630 1982 ingressus,
1664 1922 1716 1966 et¹

339 1987 584 2030 crudelibus
606 1987 726 2031 factis
748 1989 948 2033 scindunt
969 1991 1048 2050 piae
1066 1992 1228 2043 ,mentis
1243 1993 1473 2043 vestibula3
1494 2009 1548 2036 ne
1564 2008 1642 2055 per
1657 2008 1709 2037 ea

336 2057 470 2115 possit
494 2057 686 2102 Christus
710 2059 878 2104 intrare.
912 2062 1051 2105 Debet
1077 2070 1218 2106 autem
1249 2063 1540 2122 unusquisque
1564 2072 1710 2123 portas

339 2142 434 2170 suas
458 2138 501 2172 et
523 2129 674 2187 januas
697 2132 932 2183 custodire,
958 2140 1007 2176 ut
1029 2149 1127 2176 cum
1149 2134 1312 2177 venerit
1335 2134 1527 2178 Christus
1543 2142 1584 2178 et
1610 2135 1710 2194 pul-

338 2199 512 2249 saverit,
548 2200 692 2244 dicant
722 2202 925 2246 ministrae
950 2213 1178 2263 potestates
1205 2220 1298 2263 quae
1322 2208 1513 2264 praeeunt
1535 2214 1579 2249 et
1598 2220 1709 2266 prae-

338 2277 518 2312 currunt
539 2285 548 2312 :
565 2287 581 2310 «
594 2271 747 2314 Tollite
763 2282 905 2331 portas
919 2307 931 2324 ,
949 2275 1162 2334 principes
1176 2309 1188 2326 ,
1207 2284 1366 2319 vestras
1381 2293 1393 2327 ς
1422 2285 1465 2320 et
1484 2275 1713 2327 elevamini

339 2358 355 2379 »
367 2344 501 2398 portae
517 2328 735 2386 aeter‘nales
748 2342 779 2386 ⁶.
801 2362 817 2384 »
830 2343 940 2388 Vere
956 2336 1172 2406 principes
1185 2380 1195 2397 ‚
1215 2346 1287 2404 qui
1304 2362 1348 2389 se
1370 2346 1480 2409 bene
1494 2346 1680 2410 rexerint
1691 2343 1713 2398 ξ’

338 2410 450 2453 utin
476 2412 638 2456 animas
663 2429 813 2457 eorum
845 2415 1014 2459 Christo
1041 2416 1252 2476 ingressus
1275 2416 1340 2460 sit.
1369 2415 1515 2462 Simile
1536 2419 1707 2476 quoque

340 2479 446 2523 illud
468 2488 531 2524 est
552 2481 787 2527 Salomonis
809 2499 819 2527 t
851 2502 868 2524 α
885 2485 929 2529 Si
960 2485 1128 2545 spiritus
1151 2486 1347 2530 habentis
1374 2494 1626 2546 potestatem
1649 2501 1712 2531 as-

385 2591 394 2606 ·
420 2596 437 2617 2
455 2585 543 2618 Tim.
564 2598 602 2627 ιι,
623 2598 722 2631 ι9.--
746 2597 757 2611 ²
778 2590 856 2623 Luc.
882 2600 959 2629 xm,
978 2602 1031 2634 27.
1054 2609 1095 2616 -
1110 2593 1122 2617 3
1140 2591 1263 2625 Jerem.
1283 2602 1329 2629 xi,
1351 2602 1449 2636 19·-
1473 2595 1487 2621 ⁴
1503 2592 1586 2626 Psal.
1606 2591 1707 2631 ”24-

339 2657 380 2666 -—
406 2641 420 2664 ⁸
435 2640 511 2674 Isa'i.
530 2647 625 2682 mn,
646 2644 696 2675 25.
718 2663 756 2669 —
772 2645 786 2667 ⁶
805 2644 892 2679 Psal.
911 2655 1007 2686 xxm,
1025 2658 1057 2690 7.
