1794 3256
350 298 411 344 88
908 316 940 345 s.
980 316 1173 347 Aunnosn
1384 345 1389 365 ι

353 408 441 437 rus.
464 394 562 447 Quo
582 395 679 438 loco
693 394 819 438 lectio
841 410 926 438 non
934 396 1114 451 ‚videtur
1133 397 1416 456 pecuniarum
1433 395 1604 447 divitem
1626 398 1728 464 patr·

350 478 585 524 peremque
609 466 881 516 descrihere;
904 468 979 509 sed
1001 482 1101 510 eum
1122 483 1370 528 pauperem,
1394 471 1466 530 qui
1483 488 1563 530 pro
1578 472 1661 518 fide
1681 476 1729 520 et
1786 510 1794 523 2

353 537 581 580 devotione
611 538 799 580 vulnera
831 538 1025 597 corporis
1055 554 1142 583 non
1168 540 1410 593 horruerit,
1439 542 1594 588 famem
1611 545 1726 606 jeju-

351 607 557 665 niumque
574 608 828 651 toleraverit.

408 678 554 723 LVIII.
595 678 703 721 Cum
736 679 864 737 igitur
885 680 1064 725 haberet
1089 683 1274 742 populus
1294 683 1543 729 Judaeorum
1573 686 1616 729 in
1639 685 1725 732 suis

349 749 546 806 gregibus
570 748 777 806 plurimas
802 751 946 809 copias
972 751 1207 807 hostiarum
1228 753 1245 803 ,”
1259 762 1401 797 tamen
1429 771 1559 800 unam
1578 758 1726 802 ovicu-

346 820 449 867 lam,
473 834 601 876 quam
622 821 806 878 populus
829 821 899 864 ille
923 838 1085 881 pauper
1101 825 1311 875 hahebat,
1336 826 1517 885 eripuit,
1533 830 1726 886 gloriosae

347 890 463 936 illam
495 891 726 948 subjiciens
757 892 956 950 passioni.
990 894 1061 938 Vis
1091 896 1200 938 scire
1223 912 1352 954 quam
1379 899 1535 942 ovem?
1567 918 1582 940 α
1606 901 1727 945 Sicut

348 962 468 1005 »ovis
490 964 544 1005 ad
565 963 781 1006 victimam
814 965 970 1007 ductus
993 965 1084 1009 est¹
1099 999 1111 1016 ,
1131 985 1148 1006 n
1180 967 1252 1024 qui
1282 982 1392 1026 pane
1413 967 1608 1030 pauperis
1638 974 1726 1017 ale-

349 1033 492 1083 batur,
515 1041 558 1075 et
575 1042 677 1091 potu
702 1035 900 1093 pauperis
921 1035 1139 1086 utebatur,
1163 1046 1206 1080 et
1222 1038 1265 1080 in
1290 1038 1384 1081 sinu
1406 1043 1603 1099 pauperis
1625 1045 1726 1087 dor·

348 1105 523 1152 miebat.
541 1104 704 1148 Nostris
716 1105 834 1148 enim
856 1106 1059 1149 utebatur
1080 1108 1309 1158 alimentis,
1323 1109 1367 1152 in
1388 1111 1522 1154 nostri
1542 1113 1725 1172 pectoris

350 1177 512 1236 gremio
544 1177 802 1235 quiescebat.
835 1177 942 1221 Nam
973 1178 1015 1221 in
1036 1178 1286 1223 Judaeorum
1315 1181 1410 1224 sinu
1441 1183 1660 1240 quiescere
1681 1200 1744 1230 se¹

351 1264 438 1292 non
461 1264 583 1307 posse
606 1249 858 1291 memoravit
880 1249 1024 1293 dicens
1047 1266 1056 1292 :
1089 1269 1105 1291 α
1127 1251 1259 1295 Filius
1284 1252 1471 1296 hominis
1493 1270 1581 1299 non
1596 1256 1728 1303 habet

350 1332 369 1360 >›
382 1319 457 1362 ubi
474 1327 603 1377 caput
619 1334 743 1362 suum
761 1319 941 1364 reclinet
952 1320 983 1364 ².
1007 1339 1024 1362 1»

410 1389 521 1433 LIX.
559 1390 611 1432 Et
632 1390 746 1433 venit
765 1390 943 1450 hospes,
963 1390 1124 1450 inquit,
1152 1395 1204 1437 ad
1228 1395 1367 1439 virum
1388 1397 1509 1442 illum
1531 1399 1720 1443 divitem.

354 1460 460 1512 Quis
474 1468 536 1503 est
545 1460 622 1503 iste
632 1460 802 1519 hospes,
812 1461 892 1504 nisi
901 1461 1143 1506 miserabile
1154 1475 1378 1522 peccatum
1393 1467 1591 1512 PEtenim
1602 1470 1729 1529 culpa

353 1531 398 1573 in
419 1531 535 1574 hunc
558 1532 768 1574 mundum
796 1540 998 1591 tanquam
1021 1533 1176 1592 hospes
1196 1535 1392 1588 intravit,
1417 1538 1554 1583 aliena
1574 1548 1746 1589 nostrae.

353 1611 399 1645 et
423 1603 645 1662 peregrina
660 1611 836 1646 naturae.
865 1603 1012 1660 Itaque
1033 1619 1120 1647 non
1143 1606 1196 1648 de
1216 1607 1302 1650 suis
1324 1608 1523 1667 gregibus
1545 1610 1734 1655 hostiam

354 1673 535 1723 obtulit;
562 1674 637 1717 sed
668 1674 1071 1732 accepit.oviculam
1099 1677 1323 1735 pauperis,
1347 1688 1391 1722 et
1411 1680 1569 1724 occidit
1593 1681 1730 1726 illam*

356 1742 490 1800 Cujus
510 1743 684 1801 quidem
700 1744 839 1802 passio
862 1744 964 1787 licet
984 1745 1239 1802 quibusdam
1258 1749 1312 1790 ad
1334 1749 1592 1793 sacrificium
1613 1753 1730 1795 salu-

354 1821 446 1856 tare
470 1812 722 1871 profecerit:
749 1822 893 1857 tamen
923 1814 1089 1858 videtur
1117 1816 1196 1859 illis
1222 1817 1285 1860 sui
1321 1818 1450 1862 fuisse
1476 1819 1631 1864 furoris
1658 1821 1730 1865 ali-

355 1891 569 1933 mentum,
588 1891 631 1926 et
653 1883 774 1927 cibus
794 1885 945 1943 culpae,
963 1885 1311 1945 incentivumque
1330 1889 1506 1947 peccati.
1535 1890 1729 1949 Denique

356 1952 491 1997 Judas
512 1969 666 2012 panem
683 1954 891 2014 accepika
911 1955 1098 2007 Christo,
1122 1965 1166 2000 et
1188 1965 1288 2001 tunc
1309 1961 1443 2022 magis
1463 1962 1650 2020 repletus
1665 1969 1736 2007 est

358 2026 555 2076 diabolo;
578 2027 675 2084 quia
706 2042 792 2070 non
815 2028 978 2086 accepit
1000 2043 1053 2072 ex
1073 2026 1186 2081 fide,
1211 2030 1284 2088 qui
1306 2038 1394 2115 tam
1415 2031 1613 2092 hospitali
1637 2033 1729 2078 Do·

356 2098 474 2142 mino
495 2099 780 2157 proditionem
803 2100 991 2158 parabat.

411 2168 504 2214 LX.
541 2170 593 2214 Et
614 2170 744 2213 iratus
766 2178 830 2213 est
851 2170 987 2214 David
1006 2173 1060 2216 ad
1076 2171 1196 2215 illum
1219 2173 1370 2217 virum.
1393 2172 1587 2232 Diximus
1607 2175 1725 2234 quod

344 2253 431 2298 -per
451 2240 707 2298 Prophetam
727 2240 754 2284 J
757 2241 975 2285 udaeorum
998 2244 1180 2301 populus
1197 2244 1452 2294 declaratur,
1469 2253 1513 2288 et
1529 2244 1627 2289 ideo
1641 2245 1722 2289 sub

348 2309 436 2353 ¹hac
467 2308 601 2368 figura
630 2326 674 2353 se
701 2311 790 2370 ipse
816 2313 1087 2356 condemnat.
1119 2313 1282 2372 Dignus
1308 2322 1372 2358 est
1397 2323 1538 2358 morte
1561 2315 1630 2359 vir
1655 2315 1728 2362 iu·

347 2378 429 2437 qui
459 2379 559 2423 fecit
580 2379 686 2432 hoc,
715 2388 758 2424 et
780 2382 992 2426 oviculam
1022 2383 1217 2427 restituet
1238 2384 1281 2427 in
1302 2386 1613 2444 quadruplum,
1642 2385 1732 2433 hoa

354 2457 419 2493 est
456 2450 694 2508 periturum
723 2453 930 2510 populum
957 2452 1232 2505 sudeam-um,
1263 2456 1338 2498 sed
1372 2454 1726 2501 cumulatioribus

352 2518 476 2577 bonis
496 2521 725 2565 fruiturum
746 2524 953 2581 populum
976 2525 1254 2569 christianum
1275 2542 1288 2576 ς
1322 2525 1422 2585 quia
1444 2527 1729 2586 praestabilior

354 2599 418 2634 est
433 2591 710 2650 praesentibus
727 2600 858 2636 status
874 2594 948 2652 qui
963 2611 1015 2639 ex
1030 2595 1346 2641 resurrectione
1361 2597 1554 2658 debetur.

402 2692 412 2709 ¹
438 2681 514 2717 lsai.
532 2694 601 2722 un,
618 2694 649 2728 7.
670 2702 711 2711 —-
729 2694 743 2712 ⁸
763 2687 844 2721 Luc.
869 2697 919 2728 xx,
931 2688 986 2722 ⁵8.
