1794 3256
365 283 451 334 384
712 327 715 330 ‚
915 291 946 318 ι.
986 288 1178 319 1113110511

362 374 482 418 cuitu
508 370 749 415 timentium
777 382 897 418 eum,
931 376 975 411 et
1006 381 1078 411 eos
1106 375 1248 412 tuetur
1271 375 1396 425 atque
1418 367 1626 412 custodit.
1646 369 1729 412 «In

360 440 574 486 »circuitu
599 440 715 493 enim
731 439 856 496 ,impii
889 437 1110 480 ambulant
1132 437 1144 459 ³
1163 454 1176 487 ς
1205 456 1221 478 n
1251 437 1360 481 sicut
1396 437 1621 496 scriptum
1646 446 1723 483 est.

365 512 639 569 Videvitaque
670 509 926 554 distantiam.
956 508 1080 568 Impii
1102 508 1145 552 in
1167 507 1351 551 circuitu
1370 509 1615 552 ambulant:
1641 508 1731 552 An·-

365 585 482 644 gelus
503 571 644 626 a'utcm
664 580 888 640 praetendit
910 581 954 623 in
974 579 1158 622 circuitu
1178 594 1348 630 eorum,
1371 579 1444 637 qui
1463 594 1550 622 non
1564 579 1731 623 amhn,-

364 656 456 699 lant
484 654 528 696 in
559 652 761 701 circuitu3
795 659 838 694 ct
867 651 962 694 ideo
993 650 1245 709 praetendit,
1280 659 1329 694 ut
1357 658 1482 696 eruat
1515 650 1648 705 justos
1675 649 1731 692 ab

365 724 525 768 insidiis
554 723 913 782 persequentium.
946 721 1059 764 Justi
1085 737 1185 780 ergo
1219 721 1424 780 spiritales
1456 720 1655 763 Israe'litae
1675 715 1737 762 vi-'

365 796 518 838 dentur
548 809 639 836 esse
668 794 740 850 qui
775 793 866 836 haec
899 794 1162 850 loquuntur;
1195 808 1246 835 eo
1279 793 1393 850 quod
1429 789 1732 834 tentationibus

365 865 509 908 saeculi
540 864 855 922 subjacuerint,
886 871 930 906 et
959 863 1239 922 opprobrium
1278 862 1435 906 suerint
1465 861 1730 910 vicinorum5

364 938 446 982 hoc
468 944 554 985 est,
578 951 727 979 eorum
749 935 823 993 qui
849 935 1114 978 Hierusalem
1145 934 1327 992 patriam
1357 949 1444 977 non
1470 932 1727 980 incolebant.

364 1007 554 1051 Illusioni
565 1007 692 1050 etiam
709 1006 881 1048 fuerunt
894 1006 1150 1064 spiritalibus
1167 1005 1366 1063 nequitiis
1379 1014 1422 1048 et
1437 1004 1733 1063 potestatibus,

366 1087 515 1121 contra
551 1092 654 1134 quas
677 1076 798 1134 justis
830 1078 946 1119 lucta
974 1092 1064 1119 esse
1087 1076 1319 1118 consuevit.
1346 1075 1540 1132 Denique
1560 1073 1735 1118 historia

365 1157 408 1192 tc
430 1149 581 1191 doceat
603 1149 719 1205 quod
739 1147 916 1190 abducti
940 1146 1080 1189 Judaei
1102 1147 1146 1188 in
1169 1145 1475 1203 Babyloniam,
1499 1144 1578 1187 etsi
1604 1158 1736 1202 prop·

365 1227 431 1262 ter
458 1226 633 1276 peccata
665 1233 737 1260 sua
771 1218 1025 1260 videbantur
1053 1218 1144 1260 esse
1176 1216 1384 1274 subjecti,
1423 1224 1565 1259 tamen
1599 1215 1735 1258 multo

363 1290 561 1333 meliores
584 1287 781 1346 gentibus
798 1287 1080 1331 habebantur.
1114 1287 1286 1346 Pejores
1313 1286 1428 1330 enim
1445 1293 1567 1330 erant
1587 1285 1631 1328 in
1656 1284 1736 1327 cir-

366 1359 486 1404 cuitu
505 1374 676 1408 eorum,
705 1358 778 1416 qui
807 1358 1067 1401 insultabant
1090 1358 1150 1401 eis
1166 1375 1178 1408 ;
1211 1373 1310 1401 cum
1350 1356 1430 1416 ipsi
1458 1362 1734 1415 peccatorum

364 1431 557 1490 gravium
579 1438 719 1478 essent
734 1431 847 1473 mole
865 1429 1040 1472 curvati.

422 1500 508 1546 LV.
543 1501 709 1544 Primus
729 1515 829 1559 ergo
853 1501 1092 1543 intellectus
1119 1501 1171 1543 de
1201 1499 1376 1559 captivis
1400 1498 1592 1558 patr-ibus
1614 1512 1737 1542 usur—

366 1573 532 1631 pandus
552 1581 637 1622 est,
662 1572 816 1630 quibus
838 1571 1146 1614 insultaverunt
1166 1571 1351 1629 Assyrii,
1375 1571 1603 1614 illudentes
1618 1568 1736 1612 eisin

365 1644 599 1702 Babylonia
620 1659 630 1686 ε
657 1644 811 1702 quibus
833 1644 961 1687 etiam
985 1659 1060 1686 rex
1086 1643 1155 1686 ille
1178 1641 1460 1701 nequissimus
1486 1640 1736 1684 dominaba-

371 1724 440 1758 tur
456 1715 863 1759 Nabuchodonosor.
886 1715 1109 1758 Secundus
1126 1715 1368 1758 intellectus
1386 1715 1440 1757 ad
1456 1713 1601 1757 altiora
1622 1711 1737 1757 rese-

367 1788 525 1830 rendus
550 1797 635 1838 est,
669 1789 786 1845 quod
812 1787 1065 1830 saevissimus
1097 1802 1171 1829 rex
1201 1786 1394 1829 diabolus
1421 1793 1487 1828 est
1515 1800 1526 1827 :
1555 1784 1646 1843 ipse
1672 1791 1737 1827 est

367 1859 564 1918 Assyrius
582 1859 993 1909 Nabuchodonosor,
1017 1858 1090 1916 qui
1106 1857 1230 1900 bonis
1247 1856 1438 1900 insidiari
1454 1857 1585 1906 solet3
1602 1863 1652 1898 ut
1665 1870 1737 1898 eos

368 1931 413 1975 in
441 1939 665 1989 peccatum
692 1930 832 1973 trahat
852 1946 929 1988 per
952 1930 1089 1972 carnis
1116 1930 1374 1972 illecebram.
1400 1927 1586 1972 Attende
1606 1926 1734 1985 igitur

368 2001 485 2045 hunc
516 2017 661 2060 regem
690 2017 740 2044 eo
768 2003 888 2050 loco,
917 2001 990 2043 ubi
1012 2000 1115 2043 dicit
1132 2000 1385 2059 Apostolus:
1408 1999 1576 2043 «Video
1594 1997 1734 2056 legem

366 2091 383 2115 n
399 2074 535 2116 carnis
557 2089 662 2116 meae
688 2080 996 2132 repugnantem
1018 2072 1101 2131 legi
1123 2072 1278 2121 mentis
1297 2087 1402 2114 meae
1417 2104 1428 2122 ,
1454 2078 1496 2114 et
1519 2069 1734 2129 captivum

366 2161 464 2188 »me
497 2147 726 2189 ducentem
756 2145 799 2187 in
824 2146 916 2203 lege
948 2143 1167 2202 peccati²;
1195 2163 1211 2185 >2
1240 2144 1323 2187 hoc
1355 2151 1442 2194 est,
1465 2142 1514 2186 111
1542 2141 1611 2186 illa
1641 2142 1735 2199 lege

367 2218 545 2261 carnalis
581 2217 803 2260 illecebrae.
852 2216 1129 2259 Adversarius
1166 2217 1233 2259 leo
1271 2224 1358 2266 est,
1402 2214 1475 2273 qui
1501 2221 1625 2272 urget
1655 2213 1735 2255 ob·

368 2289 515 2332 noxios
531 2322 542 2339 ,
560 2289 694 2347 justos
711 2289 868 2347 fatigat.
892 2289 1014 2331 Unde
1029 2288 1208 2346 pulchre
1223 2287 1366 2346 posuit
1385 2286 1537 2343 Aquila
1557 2284 1736 2344 :aspre-

366 2379 384 2403 ι»
398 2360 555 2403 tionem
577 2369 620 2403 et
639 2375 840 2419 pompam
858 2360 1035 2419 posuisti
1050 2375 1127 2402 nos
1143 2359 1193 2402 iis
1207 2393 1218 2409 ,
1237 2359 1368 2417 quiin
1386 2358 1569 2401 circuitu
1587 2365 1734 2410 nostro

364 2450 380 2472 »
395 2440 503 2474 sunt.
524 2451 540 2472 »
553 2432 613 2474 Ita
631 2432 745 2474 enim
768 2431 1046 2489 despicabiles
1062 2431 1398 2480 aestimabantur,
1423 2430 1496 2488 qui
1520 2430 1733 2473 theatrum

364 2502 464 2546 sacti
486 2511 583 2546 sunt
606 2503 706 2546 huic
727 2504 912 2553 mundo,
932 2511 981 2545 et,
996 2503 1168 2561 Angelis
1186 2511 1228 2545 et
1243 2501 1487 2545 hominibus
1502 2518 1515 2551 ;
1534 2500 1635 2558 quia
1654 2500 1733 2543 etsi

366 2574 409 2616 in
430 2574 702 2639 Testamento
724 2590 810 2618 non
831 2582 1016 2633 peccent
1043 2574 1147 2624 Dei,
1176 2589 1255 2619 nec
1285 2572 1421 2619 carnis
1437 2571 1649 2621 illecebris
1665 2586 1734 2616 re·-

414 2671 424 2689 ¹
446 2663 530 2701 psal.
548 2676 593 2707 xi,
612 2677 644 2710 9.
661 2684 700 2692 -
716 2676 728 2691 ²
752 2667 844 2701 Rom.
859 2676 918 2707 vu,
941 2666 993 2700 23.
