1794 3256
332 287 422 332 506
486 299 490 302 ⁴
842 301 1184 349 Amnon-rioms.

330 381 404 425 ubi
430 381 592 440 clarum
619 390 684 424 est
712 396 789 440 per
816 396 966 424 vocem
989 383 1341 443 responsorium,
1375 383 1697 447 intelligendum

331 452 585 509 versiculum
615 452 734 494 illum
764 467 774 494 ε
810 453 898 494 Sed
924 463 972 494 ια
997 468 1051 494 ne
1078 454 1358 511 derelinquas
1393 471 1485 508 me,
1521 466 1624 511 etc„
1648 469 1697 517 ut

288 552 290 555 >
333 522 495 582 patebit
517 522 816 565 consideranti.
844 523 988 580 Neque
1010 538 1109 565 vero
1131 523 1286 566 mirum
1319 525 1452 569 videri
1476 528 1628 578 debet,
1663 529 1696 578 si

331 593 596 637 Psalmorum
626 593 822 636 versiculi
849 593 1018 636 alternis
1048 594 1187 637 choris
1202 596 1407 653 persoluti
1430 599 1696 657 responsoria

332 663 593 712 vocitentur;
620 678 718 707 cum
733 663 821 722 jam
842 665 1035 708 laudatus
1059 664 1292 710 cardinalis
1315 669 1501 725 psalmos
1527 683 1697 728 quoque

333 737 387 778 ob
404 736 599 778 eamdem
614 735 822 778 rationem
841 736 1088 794 antiphonas
1104 739 1227 796 posse
1248 738 1458 783 nominari
1487 748 1691 787 autumet.

334 806 479 867 Ipsum
508 805 631 848 adisis
654 806 726 849 lib.
755 807 883 849 citato
910 822 1002 865 cap.
1032 823 1125 863 xv1,
1147 808 1177 867 S
1211 825 1279 859 10,
1301 825 1424 855 num.
1459 826 1494 854 1.
1515 811 1609 870 Non
1629 826 1697 856 se*

333 890 408 918 cus
435 890 482 934 ³}ss
507 875 798 940 doctissimum
826 875 1032 935 Gangium
1050 878 1092 921 in
1112 894 1216 923 voce
1235 880 1588 943 Bospori-soriam.

692 1040 940 1070 ΑΝΝοΤΑΤιο
977 1026 1068 1085 (63)
1103 1042 1197 1087 pag.
1234 1031 1334 1088 427.

392 1170 491 1213 Fuit
512 1170 545 1213 is
565 1169 619 1215 Μ.
647 1170 841 1214 AEmilius
854 1171 1039 1230 Lepidus
1056 1172 1343 1216 marianarum
1366 1173 1550 1231 partium
1573 1187 1699 1215 asser-

337 1247 419 1290 tor,
449 1241 520 1298 qui
544 1242 742 1284 adversus
765 1241 964 1285 Catulum
991 1243 1172 1301 syllanae'
1196 1243 1393 1287 factionis
1418 1245 1573 1287 ducem
1599 1259 1698 1287 cum

338 1326 424 1368 quo
446 1311 563 1371 prius
583 1313 851 1356 consulatum
877 1322 1085 1371 gesserat,
1102 1315 1263 1358 bellum
1285 1315 1425 1373 gessit.

642 1484 649 1487 «
696 1474 941 1503 ΑΝΝοΤΑΤΙο
979 1460 1070 1518 (64)
1106 1475 1199 1519 pag.
1236 1460 1349 1522 428.ν

392 1600 601 1646 Antonius
615 1635 632 1653 ,¹
644 1598 853 1662 Lepidus,
873 1610 998 1659 atque
1019 1601 1233 1659 Augustus
1250 1601 1366 1659 prius
1388 1600 1627 1651 discordes,
1649 1610 1699 1644 ut

332 1671 434 1716 Julii
457 1672 631 1716 Caesaris
659 1689 682 1716 a
708 1674 842 1717 Bruto
861 1673 1034 1731 aliisque
1056 1673 1287 1732 conjuratis
1309 1671 1519 1715 interfecti
1545 1686 1697 1716 nocem

332 1752 690 1803 persequerentur
712 1752 924 1803 assumpta
946 1744 1197 1787 triumvirali
1219 1751 1452 1802 potestate,
1469 1757 1600 1785 *arma
1622 1757 1698 1785 sua

332 1814 471 1873 primo
504 1815 845 1873 conjunxerunt;
879 1816 955 1858 sed
983 1815 1101 1858 brevi
1134 1816 1269 1858 soluta
1302 1823 1366 1857 est
1397 1814 1467 1856 illa
1499 1813 1690 1856 societas.

332 1884 523 1942 Namque
543 1885 659 1928 haud
678 1886 813 1928 multo
833 1878 927 1943 post
945 1884 1106 1943 Lepido
1123 1884 1167 1927 in
1182 1885 1376 1928 ordinem
1393 1885 1565 1927 redacto
1581 1917 1593 1934 ,
1611 1882 1696 1926 An*

264 1989 267 1992 ,
331 1954 472 1997 tonius
486 1955 669 2012 denique
682 1956 794 2012 apud
804 1955 992 2004 Aetium,
1006 1955 1264 1998 maritimam
1289 1954 1405 2013 Epiri
1428 1955 1598 2004 urbem,
1616 1968 1696 1996 na—

330 2025 412 2067 vali
450 2040 593 2084 pugna
625 2025 871 2084 profligatus
912 2027 964 2069 ab
995 2025 1186 2085 Augusto
1213 2026 1419 2069 violentas
1463 2040 1615 2068 manus
1651 2025 1695 2068 in

334 2110 452 2138 suam
475 2095 606 2154 ipsius
626 2096 754 2138 vitam
777 2098 997 2140 convertit.
1022 2098 1106 2139 Has
1125 2097 1344 2140 Octaviani
1366 2096 1540 2139 Caesaris
1560 2095 1697 2139 victo-

258 2221 264 2228 .
333 2167 438 2217 rias,
461 2175 503 2209 et
528 2181 677 2224 pacem
701 2167 799 2209 inde
823 2176 1014 2210 secutam
1030 2167 1202 2211 Tacitus
1223 2167 1475 2225 compendio
1500 2165 1696 2224 exprimit

330 2235 410 2279 illis
435 2236 574 2279 verbis
600 2252 610 2278 :
644 2237 823 2292 Lepidi,
853 2247 926 2292 atq
934 2253 984 2279 ue
1014 2239 1204 2280 Antonii
1221 2253 1353 2279 arma
1369 2237 1419 2278 in
1441 2237 1695 2294 Augustum
1743 2249 1749 2255 ·

331 2322 503 2357 cessere,
517 2308 596 2363 qai
609 2317 766 2350 cuncta
778 2308 1013 2350 discordiis
1023 2309 1225 2351 civilibus
1234 2310 1364 2366 fessa,
1377 2307 1559 2349 nomine
1570 2305 1697 2364 prin-

330 2378 463 2436 cipis,
479 2378 555 2421 sab
588 2379 830 2437 imperium
843 2380 1020 2435 accepit.

756 2509 1006 2552 AN'NoTA'no
1041 2508 1137 2566 (65)
1174 2505 1275 2552 ibid.

386 2630 457 2699 Sic
480 2635 759 2696 manuscripti
782 2635 963 2696 aliquot,
993 2643 1121 2696 atque
1143 2636 1244 2682 edit.
1284 2650 1445 2696 omnes.
1474 2634 1699 2690 Vei-unita·
