1794 3256
332 301 362 329 «ι
372 288 426 338 24
887 297 919 326 s.
959 295 1152 325 Aunnosu

335 378 520 436 justitia:
552 384 597 419 ut
621 383 834 419 aversetur
857 389 929 417 eos
955 375 1026 432 qui
1049 374 1352 420 declinaverint
1373 377 1425 421 ad
1447 377 1584 423 studia
1604 393 1695 438 pra-

333 449 485 494 vitatis.
522 448 640 491 Bona
673 445 941 494 innocentia,
973 460 1067 503 quae
1096 446 1233 489 Deum
1261 447 1389 491 videt.
1421 449 1614 507 Denique
1635 448 1704 493 alii

337 528 572 579 posuerunt
592 533 602 560 :
619 535 636 557 α
654 516 830 559 Custodi
862 515 1190 574 perfectioneu13
1220 517 1462 576 »perfectus
1497 527 1562 562 est
1590 518 1704 564 enim

334 589 410 648 qui
432 588 636 632 malitium
662 586 812 636 nescit,
840 601 918 629 uec
946 586 1091 629 dotum
1115 587 1245 630 novit.
1278 587 1378 632 Ideo
1395 588 1556 647 inquit:
1573 589 1707 633 &Cus-

339 661 458 705 »todi
481 660 807 719 perfectionem
833 657 929 716 quia
954 667 1052 700 suut
1074 658 1261 716 reliquia>
1284 659 1446 703 homini
1470 659 1663 719 pacifico.
1680 679 1696 702 n

338 731 540 789 Reliquiae
577 729 778 772 dicuntur
814 728 997 771 hominis
1032 729 1085 770 de
1118 744 1296 787 corpore
1327 731 1501 789 mortui,
1535 731 1588 774 de
1615 730 1708 789 ejus

341 801 511 844 exuviis.
538 801 638 843 Ideo
659 799 861 856 reliquiae,
886 798 982 856 quia
1002 807 1095 857 post
1113 807 1292 842 mortem
1311 799 1496 844 hominis
1514 801 1712 846 videntur

341 887 582 931 superesse3
611 878 840 929 supersunt
866 869 979 912 enim
1004 885 1097 927 quae
1124 880 1345 913 servantur
1363 873 1416 914 ad
1434 871 1714 914 resurrectio»

342 960 455 988 nem.
483 943 662 1001 Oportet
684 942 798 984 enim
821 941 903 986 hoc
926 941 1203 999 corruptibile
1226 940 1403 985 induere
1424 942 1713 1001 incorruptio—

341 1029 458 1064 nem,
481 1022 523 1057 et
545 1014 625 1056 hoc
647 1013 826 1055 mortale
849 1011 1026 1054 induere
1048 1011 1424 1055 immortalitatem.
1446 1012 1558 1072 Ergo
1574 1011 1710 1071 magis

340 1085 528 1143 reliquiae
550 1092 649 1127 sunt
666 1083 849 1126 bominis
866 1098 960 1140 spes
982 1083 1323 1134 resurrectionis,
1348 1092 1390 1126 et
1408 1082 1513 1127 fides
1533 1099 1713 1127 conver·

341 1155 486 1203 sionis,
509 1161 551 1197 et
572 1153 703 1212 gratia
728 1153 991 1202 dilectionis;
1018 1152 1218 1210 ‹pioniam
1245 1152 1362 1211 impii
1383 1168 1467 1196 non
1487 1161 1714 1212 resurgunt

341 1227 386 1270 in
401 1226 609 1284 judicium
630 1241 640 1267 :
669 1225 751 1268 vita
767 1232 908 1266 autem
930 1224 1152 1266 Justorum
1172 1232 1269 1267 nota
1284 1233 1348 1267 est
1364 1225 1471 1275 Deo,
1491 1234 1535 1268 et
1551 1224 1713 1283 judicio

340 1296 512 1341 Domini
543 1295 862 1353 comprobatur.
895 1293 1003 1337 Huic
1029 1295 1124 1337 loco
1154 1294 1332 1352 pulchre
1353 1295 1458 1338 illud
1479 1295 1709 1339 convenit:

351 1384 370 1406 «
397 1365 599 1423 Reliquiae
646 1365 883 1408 secuudum
934 1365 1189 1407 electionem
1236 1365 1380 1422 gratiae
1425 1367 1548 1409 salvae
1592 1365 1713 1410 sactae

345 1436 511 1481 »sunt¹.
535 1455 551 1475 n
720 1491 723 1494 ,
1104 1446 1107 1448 ’

400 1506 621 1551 LXXXII.
670 1524 686 1544 «
702 1505 852 1562 lnjusti
877 1514 1018 1548 autem
1039 1505 1306 1564 disperibunt
1329 1506 1456 1550 simul
1476 1523 1486 1549 τ
1525 1507 1713 1567 reliquiae

343 1597 359 1618 »
374 1578 601 1636 impiorum
621 1575 894 1618 interibunt².
918 1575 1167 1618 »Justorum
1189 1577 1375 1634 reliquiae
1392 1577 1568 1621 virtutes
1585 1586 1709 1621 sunt:

343 1648 573 1706 impiorum
596 1645 806 1704 reliquiae,
836 1646 1085 1704 improbitas
1108 1654 1232 1704 atque
1255 1646 1444 1705 perfidiae
1465 1657 1705 1707 peccatum.

343 1718 403 1761 Ea
424 1718 697 1766 delebuntur,
719 1725 764 1759 ut
783 1732 866 1759 non
885 1717 980 1759 sint.

401 1787 642 1832 LXXXIII.
691 1805 708 1827 «
726 1787 846 1830 Salus
869 1796 1010 1830 autem
1031 1787 1243 1845 justorum
1266 1804 1288 1831 a
1306 1787 1528 1833 Domino'.
1550 1804 1664 1832 »non
1688 1803 1709 1832 a

340 1861 511 1908 saeculo,
544 1873 629 1900 non
662 1858 713 1900 ab
745 1859 969 1901 elemento.
1008 1857 1174 1901 Coelum
1202 1867 1245 1902 et
1277 1867 1388 1903 terra
1416 1859 1707 1918 praeteribunt.

341 1931 435 1975 Non
447 1929 669 1973 committo
686 1929 864 1971 salutem
882 1944 1021 1971 meam
1039 1930 1147 1972 coelo
1158 1946 1168 1978 ;
1189 1930 1286 1988 quia
1302 1938 1343 1972 et
1356 1930 1495 1988 ipsum
1507 1929 1708 1989 praeterit,

342 1999 440 2058 quia
462 2001 514 2042 de
534 1999 728 2057 pluribus
750 1998 867 2041 coelis
891 1998 1054 2041 dictum
1076 2007 1140 2042 est
1160 2015 1169 2042 ι
1186 2018 1202 2039 α
1219 1999 1303 2057 Ipsi
1327 2000 1541 2058 peribunt,
1565 2008 1613 2043 tu
1633 2015 1703 2043 au·

342 2079 457 2114 »tem
481 2068 744 2128 permanes¹⁸.
766 2088 783 2108 ι»
807 2070 896 2112 Deo
917 2069 994 2112 soli
1018 2069 1258 2120 committo,
1282 2070 1353 2127 qui
1378 2077 1615 2129 permanet,
1638 2069 1710 2128 qui

342 2149 482 2201 potest
510 2148 683 2199 peccata
707 2141 894 2189 donau-03
923 2149 970 2182 ut
991 2148 1208 2198 protector
1231 2155 1350 2183 meus
1380 2140 1433 2184 sit
1454 2140 1498 2183 in
1519 2149 1710 2199 tempore

339 2212 640 2262 tribulationis,
664 2220 707 2254 et
728 2211 901 2269 adjuvet
916 2209 1002 2260 me,
1022 2219 1065 2254 et
1080 2211 1232 2254 liberet
1251 2227 1338 2262 me,
1362 2220 1405 2255 et
1429 2211 1580 2271 eripiat
1595 2226 1664 2256 me
1688 2226 1711 2255 a

336 2284 634 2343 peccatoribus
668 2282 817 2340 judicii
852 2282 916 2325 sui
952 2291 1160 2342 tempore,
1193 2291 1237 2326 et
1268 2272 1437 2326 salvum
1462 2297 1533 2326 me
1559 2282 1706 2344 «faciat.

341 2353 540 2412 quoniam
568 2352 730 2411 speravi
767 2353 810 2395 in
840 2368 952 2396 eum.
991 2354 1038 2396 In
1069 2353 1207 2413 ipsum
1233 2354 1372 2397 solum
1403 2352 1587 2412 speravi3
1621 2367 1709 2397 non

338 2427 430 2469 vult
458 2424 573 2467 enim
600 2439 677 2466 nos
705 2431 748 2467 et
774 2424 854 2467 sibi
879 2433 921 2467 et
952 2424 1020 2467 alii
1048 2424 1217 2468 servire.
1255 2425 1340 2477 Qui
1368 2424 1446 2484 ipsi
1467 2424 1544 2468 soli
1563 2424 1705 2475 servit.

339 2495 574 2544 liberatur-3
614 2494 815 2552 quoniam
851 2494 930 2553 ipsi
964 2503 1028 2538 est
1061 2496 1175 2545 lans,
1207 2495 1363 2554 gloria,
1395 2495 1653 2555 perpetuitas
1683 2498 1725 2540 a‘

339 2565 528 2615 saeculiS,
559 2573 603 2608 et
638 2579 754 2608 nunc
784 2572 831 2608 et
856 2580 1046 2625 semper,
1077 2574 1120 2609 et
1150 2564 1193 2609 in
1223 2565 1364 2609 omnia
1395 2567 1546 2610 saecula
1574 2579 1709 2611 saecu-

340 2636 492 2682 lorum.

383 2735 394 2754 ⁸
414 2726 508 2763 Rom.
526 2737 570 2766 ιι,
589 2729 621 2764 ⁵.
634 2746 675 2756 -
690 2739 704 2757 ε
721 2729 812 2766 Psel.
833 2741 943 2773 xxxvi,
957 2731 1011 2768 58.
1025 2749 1063 2760 —
1083 2735 1098 2760 ³
1114 2732 1201 2770 lbid.
1219 2733 1323 2781 59.-
1343 2735 1356 2765 ί
1373 2733 1426 2771 ld.
1443 2743 1487 2775 ει,
1504 2743 1560 2780 27·
