1794 3256
357 257 418 300 56
839 278 876 301 ,ι’
915 275 951 309 ε,
987 273 1273 303 annosa-m.

351 348 546 391 conscius
570 364 582 391 ι
613 357 846 408 prostratus
870 350 912 393 in
933 358 1091 394 terram
1117 352 1257 396 cilicio
1278 370 1328 397 se
1359 358 1548 414 operuit,
1566 357 1726 401 oblitus

348 420 603 478 imperiiset
624 436 793 464 memor
813 423 985 481 culpae«
1121 448 1125 450 ·
1265 450 1270 454 ·

344 537 348 540 ¹
408 490 515 533 VIII.
555 492 694 544 Quem
723 493 827 535 mihi
850 501 896 535 tu
923 493 1222 550 hujuscemodi
1247 497 1435 555 reperias
1458 499 1624 549 virum,
1650 499 1724 557 qui

349 561 390 602 iu
422 569 627 618 potestate
656 563 909 606 constitutus
934 566 1185 625 non'magis
1210 577 1387 625 peccata
1420 585 1497 612 sua
1529 569 1686 629 diligat
1709 604 1721 620 ,

349 633 517 690 culpam
541 633 764 690 praedicet,
790 636 967 678 crimina
988 636 1221 681 defendat:
1245 640 1319 696 qui
1344 649 1469 699 putet
1495 642 1576 685 sibi
1605 642 1724 700 quod

351 718 451 766 non
464 704 607 775 decet,
627 720 716 767 non
738 705 897 769 licere:
896 708 989 775 qui
1018 724 1062 765 55
1087 709 1253 768 legibus
1281 710 1520 783 51ι5ζιίιι3ιιῐ
1541 712 1658 762 suis:
1679 719 1725 767 et,

348 752 472 832 quod
493 789 569 842 per
591 774 796 839 justitiam
825 792 930 842 non
937 762 1075 828 licet,
1105 794 1183 822 nec
1213 796 1290 838 per
1312 789 1568 847 potestatem
1590 768 1724 827 licere

350 827 578 905 agnoscat?
598 827 703 915 Non
713 845 828 889 enim
844 837 973 915 solvit
994 856 1179 907 potestas
1199 850 1430 916 justitiam,
1460 852 1534 895 scd
1558 852 1722 923 justitia

348 922 624 980 potestatem;
643 931 722 958 nec
734 900 902 976 legibus
921 934 995 962 rex
1014 921 1178 968 solutus
1197 931 1285 971 cst,
1311 924 1387 965 sed
1401 920 1528 980 leges
1533 938 1612 966 suo
1633 916 1726 992 sol·

349 985 629 1045 vitexcmplo.
652 986 718 1031 An
742 987 830 1031 fiom
846 998 998 1048 potest
1012 991 1142 1052 utqui
1162 991 1216 1034 de
1229 991 1320 1035 aliis
1334 991 1520 1058 judicat,
1538 1009 1617 1037 suo
1624 1009 1724 1065 ipse

349 1057 402 1098 sit
422 1057 531 1099 liber
547 1057 722 1114 jndicio,
745 1059 840 1101 etin
855 1075 897 1102 se
914 1061 1132 1119 suscipiat,
1148 1062 1191 1104 in
1204 1077 1291 1120 quo
1305 1070 1350 1105 et
1367 1062 1470 1106 alios
1489 1063 1725 1122 astringat?

409 1127 485 1172 IX.
522 1129 667 1172 Bonus
693 1145 793 1188 ergo
816 1131 974 1180 David,
999 1140 1043 1175 et
1063 1134 1199 1176 multo
1229 1134 1526 1178 admirabilior
1545 1135 1620 1194 qui
1641 1151 1722 1194 po-

348 1184 545 1242 testatem
564 1199 691 1249 vicit,
721 1215 849 1258 quam
871 1202 941 1259 qui
965 1217 1170 1246 amorem.
1197 1203 1400 1266 Castitas
1412 1205 1527 1248 enim
1549 1206 1723 1265 corpori

350 1259 666 1335 nonnunquam
686 1271 899 1322 del'ertur,
934 1273 1179 1354 frequenter
1207 1276 1380 1319 errori:
1391 1284 1600 1334 potestas
1628 1276 1724 1320 Dco

351 1342 569 1391 subditum
591 1350 634 1384 et
657 1331 818 1402 facilius
841 1345 933 1402 quis
957 1360 1000 1387 se
1026 1345 1069 1387 in
1101 1361 1245 1389 amore
1267 1346 1493 1397 cohibeat,
1521 1362 1648 1406 quam
1674 1336 1721 1410 ἰιι

349 1421 557 1472 potestate
607 1399 865 1458 moderetur.
918 1417 1011 1459 Non
1050 1433 1151 1476 ergo
1194 1418 1377 1477 ignoscis
1419 1420 1536 1481 quod
1578 1418 1722 1463 minus

350 1492 436 1533 est,
469 1484 509 1526 in
539 1500 622 1542 quo
647 1485 809 1543 majora
839 1487 1043 1530 miraris?
1071 1488 1256 1532 Lubrica
1286 1490 1415 1533 enim
1440 1491 1484 1532 in
1522 1475 1724 1554 omnibus

350 1553 594 1598 hominibus
634 1563 677 1598 et
708 1572 841 1614 prona
875 1566 1025 1601 natura
1054 1561 1260 1617 peccandi
1287 1576 1297 1602 :
1328 1559 1496 1605 lubrica
1526 1561 1655 1619 etiam
1682 1561 1726 1621 ἰιι

350 1625 473 1668 bonis
504 1627 694 1670 moribus
727 1627 898 1671 licentia
929 1631 1148 1709 potestatis
1174 1663 1187 1680 ,
1228 1640 1272 1674 ct
1304 1617 1472 1675 oblatio
1493 1616 1721 1693 facultatis

352 1696 446 1739 Non
476 1697 589 1739 enim
618 1698 785 1741 distat
774 1714 834 1740 lt'a
856 1699 965 1757 regis
988 1701 1076 1743 ab
1065 1717 1124 1743 ira
1150 1701 1312 1745 15οιιί5ι
1336 1704 1411 1745 55ι1
1424 1702 1513 1761 qui
1537 1701 1727 1772 stimulat

351 1767 470 1810 illum
493 1776 535 1810 et
552 1759 825 1819 admiscetur,
849 1778 1000 1828 peccat
1022 1771 1065 1813 in
1086 1771 1273 1826 animam
1288 1788 1426 1841 suam.
1451 1772 1610 1830 Caveat
1625 1767 1726 1835 ergo

349 1855 403 1881 ne
427 1839 615 1883 stimulet
635 1840 783 1898 aliquis
806 1850 1085 1899 potestatem,
1110 1858 1164 1886 ne
1186 1843 1378 1886 cassibus
1406 1844 1545 1888 anima
1562 1842 1724 1916 irretita

351 1911 582 1981 corporeis,
607 1911 708 1954 vitio
737 1927 781 1954 se
806 1928 892 1955 non
916 1913 1048 1970 possit
1073 1930 1244 1958 exuere.
1273 1915 1368 1959 Non
1391 1931 1494 1975 ergo
1513 1910 1680 1974 mirum
1693 1918 1725 1982 si

351 1977 479 2024 etiam
497 1981 638 2023 David
667 1982 808 2040 specie
837 1984 984 2041 lapsus
1003 1992 1067 2027 est
1093 1986 1350 2043 potestatis:
1375 1987 1450 2029 scd
1474 1984 1612 2030 multo
1635 1985 1727 2032 ιιιιι-

352 2048 463 2110 plius
490 2052 810 2102 admirandum,
840 2056 955 2111 quod
975 2054 1074 2097 fidei
1098 2058 1465 2115 contemplatione
1481 2068 1720 2121 revocatur.

411 2122 467 2166 X.
505 2121 667 2166 Videtis
690 2124 817 2182 igitur
832 2127 947 2184 quod
967 2134 1154 2184 potestas
1179 2127 1272 2171 haec
1294 2129 1507 2171 saecularis
1524 2129 1727 2189 frequen-

353 2201 418 2235 ter
448 2193 554 2236 nihil
582 2194 740 2252 prosit,
773 2203 816 2237 et
846 2197 1098 2254 plerumque
1132 2197 1272 2247 obsit,·
1305 2213 1415 2257 saepe
1445 2199 1560 2241 enim
1591 2201 1726 2259 culpae

353 2266 488 2307 exitus
511 2266 553 2308 in
576 2267 827 2309 auctoritate
848 2275 919 2310 est
937 2268 1170 2325 potestatis.
1195 2267 1289 2313 Noli
1311 2269 1440 2328 igitur
1464 2270 1724 2330 quicumque

350 2352 394 2378 es
412 2352 500 2384 rex,
522 2338 575 2378 de
590 2337 779 2394 potentia
803 2345 844 2379 et
867 2337 1050 2397 faculam
1067 2354 1352 2397 praesumere;
1381 2354 1455 2382 cor
1481 2340 1596 2383 enim
1614 2342 1724 2399 regis

349 2407 391 2448 in
409 2421 536 2448 manu
560 2401 743 2449 Domini.
773 2407 866 2450 Noli
887 2408 964 2450 tibi
982 2411 1032 2451 de
1047 2411 1302 2468 populorum
1322 2409 1590 2468 subjectione
1606 2412 1724 2455 blan-

350 2476 463 2524 diri3
492 2476 590 2533 quia
619 2491 706 2519 non
732 2478 963 2521 salvabitur
994 2495 1066 2522 rex
1093 2495 1169 2538 per
1202 2475 1523 2524 multitudinem
1554 2481 1721 2525 virtutis

352 2562 452 2594 suae,
475 2562 554 2589 nec
576 2547 689 2606 gigas
706 2550 842 2591 salvus
863 2549 942 2592 erit
959 2549 1000 2592 in
1020 2551 1296 2594 multitudine
1316 2540 1484 2594 'virtutis
1500 2567 1598 2594 suae.
1626 2551 1718 2595 Non

350 2616 463 2660 enim
490 2617 530 2660 in
553 2618 644 2661 altis
665 2619 1038 2664 tabernaculorum
1066 2621 1261 2679 fastigiis,
1286 2621 1557 2680 pretiosoque
1579 2630 1719 2665 tecto-

689 2776 698 2808 t
