1794 3256
363 326 381 355 ι
393 311 449 368 76
913 323 944 352 s.
985 321 1176 352 aunnosu

352 413 425 455 te,
452 406 608 449 inserat
629 403 707 448 tibi
729 403 1030 462 cogitationes,
1059 403 1165 447 etin
1199 411 1361 448 secreta
1382 419 1427 449 se
1454 403 1517 449 tui
1537 405 1722 466 pectoris

343 478 583 536 'immergat
608 475 778 519 dicens:
803 473 980 518 Vindica
1007 473 1208 531 injuriam
1230 483 1370 525 tuam,
1393 476 1532 519 virum
1565 476 1723 521 tomo

359 562 570 607 cognosce
587 561 597 589 :
617 545 824 589 soemineae
841 543 1098 588 infirmitatis
1111 553 1191 596 est,
1204 552 1289 589 non
1307 561 1459 606 capere
1473 546 1720 598 vindictam.

357 618 469 676 Ergo
490 625 765 660 contemnere
787 623 827 658 te
849 614 998 658 debuit
1025 630 1169 659 servus
1183 649 1194 666 ,
1223 616 1352 660 frater
1374 617 1593 677 decipere,
1616 618 1725 662 ami-

358 703 433 732 cus
450 688 652 736 illudere;
680 694 723 730 et
750 694 797 730 tu
818 686 958 728 adhuc
988 693 1106 729 tuam
1132 701 1220 729 non
1252 687 1471 731 ulcisceris
1497 695 1721 738 contume-

354 758 488 803 liam?
507 757 751 801 Prosci-ibas
773 770 944 799 necesse
971 763 1061 805 est,
1086 756 1225 815 gladio
1242 765 1411 816 oportet
1435 757 1654 816 insurgas,
1676 766 1724 804 et

357 829 550 873 dolorem
579 836 699 871 tunm
729 826 954 869 adversarii
983 835 1123 869 morte
1157 827 1306 870 solvas.
1333 827 1406 871 Vir
1429 827 1508 875 suit
1537 828 1624 877 ille,
1649 828 1721 887 qui

361 915 484 945 suum
512 899 670 943 occidit
699 897 943 947 inimicum,
969 897 1122 940 merito
1157 898 1441 956 praedicatum
1463 898 1560 956 quia
1592 898 1658 941 ita
1677 912 1725 941 'se

364 970 619 1018 vindicavit,
638 978 687 1013 ut
699 969 803 1012 alius
824 968 1021 1026 ignorans
1040 969 1204 1012 audiret
1215 968 1429 1027 injuriam.
1450 969 1524 1013 His
1536 968 1724 1014 *stimulis

356 1044 453 1102 plus
473 1039 742 1090 accenditur,
763 1041 859 1098 plus
878 1048 1095 1088 movetur;
1115 1048 1160 1082 ut
1175 1041 1440 1099 compieatur
1457 1041 1575 1098 quod
1589 1039 1724 1100 scrip—

360 1121 449 1157 tum
473 1121 560 1155 est:
578 1130 594 1151 α
613 1112 679 1154 Ira
705 1110 845 1169 perdit
865 1110 993 1152 etiam
1017 1109 1240 1169 sapientes.
1257 1127 1273 1150 a
1331 1135 1333 1137 -
1654 1103 1658 1106 ’

408 1183 533 1229 XIX.
555 1182 666 1241 Ergo
687 1190 734 1224 tu
745 1196 799 1223 ne
822 1180 966 1223 audias
986 1195 1110 1230 eum;
1126 1197 1143 1219 ιι
1162 1180 1223 1223 Ne
1233 1179 1445 1223 aemuleris
1459 1189 1508 1224 ut
1528 1181 1723 1240 nequiter

352 1273 372 1296 π
384 1253 524 1298 facias.
538 1252 751 1306 Quoniam
764 1251 837 1309 qui
850 1250 1046 1308 nequiter
1065 1259 1218 1309 agunt,
1243 1250 1682 1295 exterminabuntur&
1694 1269 1711 1292 n

353 1324 701 1370 Exterminantur
728 1321 800 1380 qui
820 1322 982 1364 radices
999 1337 1086 1364 non
1103 1322 1285 1371 hahent,
1304 1321 1416 1365 sicut
1426 1322 1546 1364 olera
1564 1322 1630 1365 vel
1648 1321 1722 1365 soe·

348 1410 468 1440 num.
502 1394 629 1438 Olera
651 1391 844 1436 infirmus
866 1392 1098 1435 manducet
1118 1408 1128 1433 :
1153 1400 1197 1434 tu
1216 1399 1358 1434 autem
1373 1391 1502 1434 vitem
1524 1391 1662 1435 insere
1677 1390 1719 1435 in

355 1482 455 1526 agro
478 1475 576 1515 tuo,
593 1465 759 1507 vineam
777 1463 961 1506 institue.
989 1462 1079 1505 Etsi
1099 1462 1261 1506 venerit
1282 1461 1454 1512 Achab,
1478 1462 1644 1519 quitibi
1661 1461 1733 1506 di:

351 1545 420 1582 cat
435 1552 444 1580 :
461 1554 477 1576 ι
492 1536 555 1579 Da
581 1534 686 1578 mihi
711 1533 874 1577 tineam
901 1542 1041 1582 tuam,
1067 1541 1117 1576 ut
1135 1534 1250 1575 olera
1270 1532 1377 1575 mihi
1398 1531 1719 1582 seram²;»noli

349 1608 389 1652 ei
407 1606 678 1664 acquiescere
693 1637 705 1655 ,
734 1620 789 1647 ne
809 1619 861 1647 ex
882 1619 1093 1647 consensu
1114 1611 1188 1660 tuo
1209 1604 1370 1646 caduca
1389 1611 1522 1653 serat,
1548 1602 1721 1647 abscin-

350 1678 420 1723 'dat
436 1686 607 1722 aeterna.
625 1676 727 1719 Ideo
747 1674 947 1718 Nabuthe
969 1675 1078 1718 inter
1094 1681 1262 1716 sanctos
1282 1673 1487 1723 habetur,
1511 1672 1614 1731 quia
1630 1686 1719 1719 ma-

343 1749 486 1808 jorum
504 1750 694 1792 ‘suorum
717 1746 1007 1790 haereditatem
1038 1761 1093 1788 ne
1123 1745 1209 1804 regi
1234 1745 1407 1803 quidem
1435 1744 1607 1803 pulavit
1623 1749 1719 1788 esso

345 1822 607 1870 cedendam:
631 1827 674 1863 et
689 1817 866 1878 lapidari
891 1816 1067 1867 maluit,
1091 1826 1140 1859 ut
1162 1817 1329 1864 vineam
1350 1831 1470 1859 suam
1492 1830 1580 1859 non
1597 1816 1718 1860 daret

344 1894 389 1938 in
413 1891 717 1950 demptionem.
747 1887 978 1932 Haereditas
995 1886 1230 1945 majorum,
1257 1886 1362 1930 fides
1383 1902 1480 1930 vera
1506 1894 1581 1930 est.
1604 1886 1718 1931 Exti·

346 1969 491 2007 terunt
505 1960 673 2004 Arriani
692 1957 996 2018 regalisubnixi
1015 1957 1201 2016 potentia
1214 1990 1225 2008 ,
1241 1957 1313 2015 qui
1326 1956 1717 2016 templum'Domini

343 2040 545 2093 putarent
574 2030 654 2074 sibi
675 2045 766 2073 esse
787 2029 1065 2078 tradendum,
1094 2027 1300 2087 supplicia
1335 2027 1488 2071 acerba
1510 2026 1715 2072 minitan-

342 2111 407 2148 tes
431 2118 443 2147 τ
462 2104 536 2146 sed
557 2100 690 2150 absit,
716 2108 766 2143 ut
792 2100 905 2158 apud
920 2108 1110 2142 mentem
1134 2098 1318 2143 Domino
1336 2098 1588 2144 servientem
1610 2111 1714 2158 prae·

343 2171 889 2237 ponderaretmagispoenae
902 2170 1107 2221 formido,
1129 2185 1255 2228 quam
1267 2169 1400 2213 forma
1420 2168 1600 2228 pietatis.
1617 2168 1712 2213 Non

344 2246 566 2307 praevaluit
595 2244 794 2305 perfidia,
820 2242 921 2301 quia
949 2240 1054 2286 fides
1077 2241 1242 2286 restitit.
1276 2241 1349 2284 Est
1369 2240 1497 2284 etiam
1515 2241 1712 2299 quoedam

340 2317 464 2361 vinea
484 2316 526 2359 in
548 2314 793 2375 pectoribus
814 2312 1004 2356 fidelium
1019 2345 1031 2363 ‚
1050 2314 1103 2356 de
1122 2328 1208 2371 qua
1228 2311 1331 2355 dicit
1351 2311 1493 2354 Esa'1’as
1511 2325 1522 2354 ι
1538 2327 1556 2351 α
1577 2309 1710 2355 vinea

342 2406 361 2431 »
373 2388 483 2432 facta
498 2395 562 2431 est
582 2386 736 2430 dilecto
747 2385 791 2429 in
813 2399 947 2441 cornu
967 2383 1132 2428 uberi&
1149 2402 1165 2426 1>
1178 2384 1298 2427 Hanc
1315 2382 1480 2427 vineam
1501 2381 1709 2427 Dominus

342 2459 548 2519 plantavit
576 2458 619 2516 in
645 2457 845 2502 cordibus
871 2456 1052 2508 nostris]
1087 2463 1131 2502 et
1167 2455 1262 2499 ideo
1288 2454 1468 2514 legimus
1494 2453 1710 2498 dicentem

343 2533 509 2576 Deum:
525 2548 542 2571 α
551 2530 640 2590 Ego
648 2538 691 2574 te
703 2528 885 2589 plantavi
903 2529 1032 2573 vitem
1041 2527 1306 2573 fructiferam
1316 2559 1328 2579 ,
1342 2534 1476 2571 totam
1483 2534 1626 2571 veram
1635 2524 1698 2569 ‘a
1709 2533 1733 2554 ·”

348 2630 358 2645 ’“
390 2644 400 2660 =
430 2635 516 2669 Psal.
544 2644 656 2674 xxxvi,
688 2646 720 2682 9.
751 2643 820 2664 -·
847 2645 864 2671 2
899 2634 977 2682 neg.
1002 2646 1068 2677 xxi,
1094 2646 1125 2681 2,
1154 2640 1188 2672 et
1211 2643 1305 2681 seqq.
1331 2651 1372 2661 -
1390 2634 1407 2672 ἓ,
1428 2632 1506 2668 lsai.
1534 2640 1572 2676 v,
1604 2638 1635 2680 ι.-
1660 2632 1712 2681 '2’-

338 2690 494 2742 μοι-ειη.
510 2701 535 2726 n
551 2714 560 2734 ,
580 2701 636 2739 ιι,
1539 2701 1541 2703 ·
1704 2689 1718 2699 ’·
