1794 3256
354 283 440 312 220
907 284 939 312 8.
979 283 1170 314 Ammosu

355 361 484 406 sionis
500 369 665 406 aeternae
688 377 698 406 ε
718 363 761 406 in
778 377 860 420 qua
882 362 1143 422 quicumque
1165 363 1452 418 constituitur,
1475 369 1720 416 exaltatur:

356 433 552 478 Domino.
1603 435 1614 441 ’

413 504 607 549 LXXVI.
626 523 642 545 α
660 505 833 551 Videbis
859 514 1000 549 autem
1023 521 1123 550 cum
1156 508 1359 568 perierint
1389 513 1716 570 peccatores¹3v

359 583 459 618 tunc
481 576 593 618 enim
614 576 825 634 justorum
850 579 1135 622 remuneratio
1152 579 1257 632 erit,
1278 596 1377 624 cum
1398 580 1726 640 judiciumfue-

356 645 412 689 rit
428 645 480 689 de
500 647 660 691 meritis
673 648 914 706 impiorum.
936 648 1022 692 Sed
1041 664 1127 693 non
1150 667 1235 694 uno
1258 668 1412 711 genere
1427 659 1607 711 pereunt
1626 660 1726 712 ‘pec-

358 725 534 761 catores.
566 717 676 761 Ante
697 718 773 762 tibi
793 728 1001 778 pereunt,
1031 720 1227 765 sicerum
1248 724 1479 781 potentiam
1501 732 1546 768 et
1560 723 1731 768 divitias

355 801 442 829 non
464 788 628 832 mireris
650 804 660 831 ι
680 789 714 832 si
732 805 815 832 non
834 798 876 833 tc
897 799 1063 834 moveat
1081 807 1179 836 cum
1196 809 1268 836 eos
1285 794 1538 846 honoribus,
1561 795 1727 846 liberie,

356 858 502 901 amicis
523 860 740 905 abundare
757 861 1016 920 cognoveris.
1040 862 1140 905 Haec
1161 863 1276 906 enim
1299 865 1440 908 saeculi
1458 873 1578 914 sunt,
1596 873 1640 910 et
1655 868 1720 913 δίε·

357 930 503 973 culum
535 932 724 974 saeculari
758 932 951 990 subjacet
973 934 1223 992 malignitati
1249 950 1259 977 ε
1287 944 1330 979 et
1358 935 1556 995 princeps
1577 936 1728 979 mimdi

358 999 408 1043 iis
429 1001 500 1058 qui
523 1001 603 1044 sihi
623 998 837 1053 serviunt,
863 1004 1001 1054 savem
1027 1007 1263 1048 secundum
1286 1006 1400 1051 illud.
1416 1021 1459 1049 :vu
1477 1007 1630 1051 Omnia
1650 1006 1730 1051 tibi

357 1072 522 1120 ubibo,
550 1072 584 1115 si
606 1074 833 1131 procidens
855 1075 1095 1118 adoraveris
1118 1091 1186 1118 me
1213 1075 1244 1119 ².
1274 1095 1290 1116 »
1305 1077 1420 1129 Quid
1440 1077 1592 1134 quaeris
1615 1085 1663 1120 ut
1678 1092 1730 1120 ea

359 1140 437 1184 tibi
464 1143 634 1193 dentur,
662 1159 760 1187 cum
788 1145 878 1203 ipse
904 1146 1060 1204 impius
1084 1147 1156 1204 qui
1183 1148 1276 1197 dat,
1311 1148 1353 1190 in
1376 1147 1436 1191 eis
1461 1148 1620 1191 diutius
1638 1163 1734 1191 esse

359 1225 446 1254 non
459 1213 618 1271 possit?
636 1215 803 1258 Transit
818 1217 943 1259 ctiam
963 1216 1051 1275 ipse
1064 1250 1076 1267 ‚
1096 1218 1312 1274 quomode
1330 1227 1607 1276 possuntnon
1620 1227 1734 1261 tran-

360 1281 442 1325 sire
472 1299 566 1342 quae
592 1287 801 1330 contulit?
830 1287 895 1330 Tu
934 1290 1062 1330 modo
1094 1296 1361 1332 constantem
1389 1289 1578 1332 animum
1607 1305 1732 1348 gere,

360 1353 565 1411 justitiam
596 1364 718 1407 tene,
752 1373 878 1401 nemo
912 1367 952 1402 te
988 1368 1181 1409 moveat,
1219 1368 1262 1403 et
1303 1359 1467 1403 videbis
1498 1360 1606 1403 nihil
1642 1373 1737 1402 esse

362 1424 556 1483 impium.
635 1422 641 1427 ’

419 1495 633 1540 LXXVII.
657 1497 851 1556 Denique
874 1499 971 1542 audi
987 1499 1201 1543 dicentem
1229 1515 1272 1542 z«
1287 1500 1381 1544 Vidi
1395 1500 1575 1559 impium
1591 1514 1738 1559 super-

361 1583 378 1608 »
392 1570 621 1611 exaltatum
635 1602 645 1617 ‚
678 1578 721 1612 et
746 1572 956 1613 clevatum
985 1587 1112 1630 super
1133 1573 1283 1615 cedros
1299 1573 1460 1615 Libani.
1489 1572 1543 1615 Et
1564 1572 1740 1615 transivi

365 1657 381 1678 π)
395 1647 437 1681 et
458 1655 560 1682 ecce
586 1656 671 1683 non
690 1650 779 1685 erat
797 1642 827 1686 ³.
854 1661 870 1682 »
884 1643 978 1686 Vidi
999 1659 1099 1686 eum
1123 1644 1163 1686 in
1188 1646 1343 1687 saeculo
1363 1643 1482 1693 hoc,v
1496 1643 1581 1686 vidi
1602 1642 1744 1687 oculis

363 1711 553 1768 corporis
580 1725 590 1753 ε
617 1711 700 1754 vidi
723 1713 849 1755 etiam
868 1713 1098 1771 jactantem
1115 1730 1158 1757 se
1172 1747 1182 1764 ,
1197 1716 1630 1773 etsuperexaltantem
1648 1728 1740 1756 ser-

364 1781 564 1823 monibus
590 1782 696 1832 suis,
723 1783 1005 1840 aestimantem
1035 1801 1079 1828 se
1103 1786 1262 1843 aliquid
1286 1802 1400 1835 esse,
1431 1785 1503 1843 qui
1525 1784 1634 1828 nihii
1656 1791 1734 1829 est.

367 1850 597 1903 Quomodo
640 1868 685 1895 se
720 1857 1034 1912 superexaltat?
1056 1874 1072 1895 α
1102 1857 1288 1906 Ponam,
1328 1856 1493 1914 inquit,
1534 1856 1744 1900 thronum-

366 1939 383 1961 »
398 1937 541 1965 meum
570 1939 698 1982 super
726 1926 862 1968 nubes
892 1941 902 1969 :
927 1935 970 1969 et
990 1942 1064 1969 ero
1086 1926 1232 1969 similis
1254 1926 1470 1971 Altissimo
1487 1925 1518 1970 ⁴.
1545 1925 1744 1969 »Exultat

368 2009 411 2036 se
430 2026 442 2044 ,
467 2003 514 2037 ut
534 1994 676 2038 videas
703 2012 801 2040 eum
827 1997 937 2041 sicut
960 1999 1110 2040 cedros
1133 1998 1283 2041 Libani
1306 1998 1640 2056 superexaltatas
1663 2011 1674 2039 ε
1698 2004 1743 2039 et

370 2067 469 2126 ipsae
499 2067 591 2109 ultae
617 2076 742 2119 sunt,
771 2078 814 2112 et
842 2070 884 2112 in
916 2078 1062 2112 monte
1095 2078 1192 2112 sunt
1223 2069 1437 2113 altissimo.
1469 2069 1623 2114 Merito
1638 2080 1749 2126 ergo·

370 2144 687 2198 superexaltatae
710 2149 835 2191 sunt,
859 2150 902 2184 et
929 2143 1264 2200 superexaltatus
1289 2141 1453 2185 videtur
1475 2140 1652 2199 impius,
1668 2137 1748 2196 qut

372 2226 416 2254 se
437 2212 479 2254 in
503 2213 575 2256 illo
602 2221 747 2256 monte
768 2212 1013 2261 constituit,
1040 2213 1093 2255 de
1123 2227 1212 2269 quo,
1234 2212 1440 2270 scriptum
1463 2218 1528 2255 est
1547 2224 1588 2255 :-
1606 2208 1650 2252 Si
1672 2208 1749 2253 ha-

371 2301 388 2323 »
401 2283 579 2327 huet-itis
604 2283 733 2327 fidem
751 2283 861 2327 sicut
883 2299 1062 2342 granum
1087 2283 1266 2342 sinapis,
1286 2283 1437 2327 dicetis
1457 2281 1558 2325 huie
1573 2279 1740 2327 monti:

372 2355 596 2404 »Tollere,
619 2364 663 2399 et
687 2356 847 2413 jactare
866 2354 1093 2405 inaemarefi
1119 2355 1242 2399 Huic.
1266 2353 1407 2397 »cuii’
1426 2349 1746 2401 Daemon'io'stn·

373 2425 488 2485 quit,
514 2442 536 2469 a
556 2442 643 2484 quo
676 2427 753 2469 iste
779 2426 948 2469 invasus
975 2426 1110 2468 suerat
1131 2431 1592 2484 etoppressuhqeem
1614 2434 1755 2465 mirw—

373 2496 479 2540 mini
489 2513 581 2540 esse
592 2505 802 2540 sanatum.
829 2498 932 2540 Ideo
942 2497 1195 2540 charitatem
1210 2495 1342 2554 magis
1353 2494 1483 2539 habet
1495 2493 1539 2536 in
1553 2490 1747 2540 Christo,

422 2609 431 2623 ²
451 2600 534 2632 Psal.
560 2611 671 2633 xxxvi.
689 2600 741 2639 34.
756 2618 796 2625 --
814 2608 826 2623 ²
844 2600 964 2633 Manh.
984 2611 1028 2640 iv,
1048 2610 1081 2643 9.
1098 2617 1139 2625 --
1157 2601 1170 2625 ³
1188 2598 1268 2634 Psal.
1294 2609 1405 2640 nm,
1420 2596 1476 2639 35,
1497 2595 1554 2630 36.
1573 2612 1614 2621 —
1634 2597 1647 2621 ⁴
1665 2594 1744 2628 lsai.

377 2664 445 2693 xm,
462 2655 564 2694 140-
585 2655 734 2689 ⁵Mauh.
753 2666 840 2692 xvu,
860 2665 911 2698 ¹9·
