1794 3256
342 265 404 324 96
901 276 936 306 s.
975 275 1169 306 Aunnosn

340 354 566 416 perfidiam
601 369 689 398 non
720 354 912 398 evadant.
962 353 1130 399 Deinde
1151 368 1300 399 unum
1335 354 1520 400 dicendo
1554 353 1727 403 honum*

341 428 502 477 Deum,
527 426 747 470 advertant
768 440 872 484 quos
892 426 1066 483 laqueos
1089 426 1313 470 dementiae
1334 442 1420 470 suae
1441 426 1645 472 incidant.
1672 427 1722 472 Si

290 540 294 545 ,
345 500 485 542 bonus
512 505 591 547 est,
614 496 688 555 qui
710 496 915 546 credidit,
940 497 1156 554 quomodo
1178 511 1267 540 non
1287 505 1351 541 est
1373 498 1529 548 bonus,
1554 498 1628 556 qni
1649 504 1726 541 red

339 568 521 613 laxavit?
540 568 652 625 Ergo
669 581 768 610 cum
785 566 866 610 illis
882 574 1045 625 partem
1067 567 1252 611 habeant
1266 568 1452 619 Arriani,
1472 568 1517 612 in
1535 582 1721 626 quorum

344 639 620 683 assertionem
634 637 902 697 perveniunt.
925 637 1014 682 Nec
1032 638 1189 681 mirum
1208 639 1242 682 si
1259 639 1293 681 is
1311 638 1383 696 qui
1401 639 1535 682 semel
1550 638 1719 683 deviare

345 711 476 768 coepit
496 724 519 752 a
541 724 659 759 vero,
682 709 863 753 nexibus
882 725 927 752 se
949 709 1076 752 alieni
1096 710 1252 753 erroris
1275 709 1495 754 involvat.-

399 780 599 825 LXXIII.
637 781 690 824 Et
712 781 807 823 ideo
838 795 922 823 una
951 789 1015 824 est
1035 782 1262 832 sententia,
1296 796 1390 839 quae
1416 781 1723 827 haereticorum

344 852 541 896 omnium
563 851 782 895 machinas
805 853 1010 902 destruat,
1029 860 1077 895 ut
1093 853 1218 896 unius
1234 853 1471 911 potestatis,
1491 853 1723 912 majestatis

345 933 471 983 atque
507 924 673 968 virtutis
708 923 959 967 Trinitatem
992 939 1083 967 esse
1112 925 1359 975 credamus;
1378 933 1439 968 'et
1466 925 1563 969 ideo
1596 925 1649 968 ab
1673 941 1725 969 eo

345 997 462 1054 quod
482 995 614 1039 Filius
632 994 747 1045 fecit,
772 1010 859 1037 non
877 1010 1121 1053 separemus
1141 995 1311 1039 Patrem
1323 1011 1336 1045 ;
1360 1006 1440 1039 nec
1464 996 1519 1040 ab
1538 1011 1590 1040 eo
1607 998 1727 1055 quod

342 1068 468 1112 Pater
488 1067 720 1118 mandavit,
746 1066 904 1110 Filium
920 1082 1204 1126 segregemus.
1229 1068 1291 1110 Ita
1311 1067 1427 1110 enim
1449 1066 1539 1118 fiet,
1563 1075 1612 1110 ut
1633 1082 1721 1113 non

347 1141 527 1183 alterum
547 1139 688 1182 Deum
712 1138 899 1187 Veteris,
926 1140 1107 1181 alterum
1128 1139 1235 1183 Novi
1255 1139 1517 1183 Testamenti
1539 1139 1724 1183 induca-
1755 1150 1757 1152 ·

345 1226 473 1255 mus:
504 1212 577 1254 sed
607 1226 684 1269 per
719 1210 928 1253 unitatem
957 1210 1176 1268 potestatis
1204 1219 1248 1254 et
1275 1210 1480 1254 Filius‘in
1499 1203 1650 1261 [Patr-e,
1681 1218 1725 1254 e't
1765 1211 1769 1216 “

344 1283 471 1327 Pater
492 1283 751 1340 intelligatur
767 1282 810 1325 in
827 1282 958 1332 Filio;
981 1289 1024 1324 et
1044 1281 1176 1325 Filius
1196 1281 1429 1327 foeneretur
1450 1283 1495 1325 in
1520 1282 1663 1332 Patre,
1682 1289 1726 1325 et

345 1354 471 1398 Pater
499 1356 658 1397 relaxet
687 1354 729 1396 in
752 1354 875 1397 Filio.
903 1354 1010 1397 Nam
1039 1361 1083 1396 et
1107 1353 1232 1397 Pater
1260 1353 1434 1398 dimittit
1465 1361 1720 1413 peceatum:

345 1425 502 1470 Filium
521 1425 729 1468 dimisisse
750 1425 838 1483 jam
863 1425 1059 1468 diximus.
1687 1435 1690 1440 '

349 1531 352 1534 .
404 1496 600 1540 LXXIV.
637 1496 831 1554 Accipite
853 1496 950 1554 quia
974 1495 1150 1539 dimittit
1170 1504 1214 1539 et
1238 1496 1376 1540 Pater.
1395 1495 1628 1547 «Dimitte,
1653 1495 1724 1540 in·-

345 1585 364 1608 »
377 1568 483 1625 quit,
508 1566 631 1610 nobis
654 1567 795 1609 debita
815 1574 975 1616 nostra,
1002 1565 1112 1609 sicut
1135 1573 1178 1609 et
1194 1581 1271 1609 nos
1289 1566 1544 1610 dimittimus
1562 1566 1724 1626 debito-

344 1655 362 1678 »
375 1637 493 1680 ribus
515 1636 709 1679 nostris¹.
728 1636 911 1695 »Utique
927 1652 979 1679 ex
994 1651 1175 1695 persona
1187 1644 1340 1680 -nostra
1354 1637 1436 1681 hoc
1453 1636 1588 1681 Filius
1608 1637 1721 1682 Patri

345 1709 460 1751 dicit.
489 1708 578 1752 Nee
600 1708 695 1751 ideo
719 1708 837 1758 dicit,
862 1707 981 1766 quasi
1004 1707 1219 1751 dimittere
1241 1708 1331 1767 ipse
1351 1723 1438 1752 non
1459 1709 1617 1768 possit:
1646 1710 1723 1754 sed

343 1780 442 1825 ideo
465 1780 582 1831 dicit,
607 1788 655 1823 ut
675 1788 724 1824 tu
743 1780 951 1823 unitatem
971 1780 1191 1839 potestatis
1213 1780 1438 1839 intelligas.

404 1851 578 1896 LXXV.
619 1852 815 1909 Denique
836 1852 870 1895 si
888 1841 1186 1896 auctoritatem
1207 1852 1362 1911 quaeris
1378 1853 1422 1896 in
1438 1853 1574 1898 Filio:
1591 1870 1608 1895 α
1621 1852 1720 1899 Jam

343 1939 462 1979 qvos,
487 1924 640 1982 inquit,
664 1924 815 1967 mundi
836 1924 935 1967 estis
954 1933 1130 1983 propter
1146 1939 1387 1968 sermonem
1403 1939 1533 1984 quem
1548 1927 1719 1969 locutus

337 2010 355 2034 n
369 2009 462 2037 sum
475 1993 593 2037 vobis
603 1993 634 2037 ².
650 2012 665 2034 »
678 1994 864 2042 Dimittit
874 2009 1085 2045 sermone,
1107 1995 1283 2040 dimittit
1300 1995 1506 2055 imperio:
1527 1995 1603 2040 sed
1618 2010 1720 2040 cum

344 2066 509 2109 ratione
540 2065 715 2109 dimittit
743 2066 888 2109 dicens
908 2082 917 2109 :
934 2084 951 2106 «
968 2066 1085 2111 Vade
1100 2098 1111 2117 ‚
1135 2076 1177 2111 et
1196 2066 1374 2126 posthac
1395 2067 1492 2112 vide
1512 2082 1591 2123 nee
1611 2081 1719 2126 pec—-

340 2153 357 2175 ι
374 2135 481 2178 ces⁵.
499 2136 668 2179 »Habes
699 2137 1017 2188 auctoritatem,
1050 2137 1149 2196 quia
1177 2146 1320 2183 vetera
1351 2138 1553 2194 donavit:
1582 2137 1716 2183 habes

343 2204 570 2262 judicium,
590 2207 688 2265 quia
708 2207 850 2252 futura
869 2208 1139 2267 praescripsit.
1180 2236 1182 2238 ·

387 2317 398 2332 ¹
420 2309 542 2344 Matth.
567 2322 614 2352 vi,
641 2323 691 2345 12.
715 2331 756 2338 —
774 2321 787 2338 ¹
807 2312 904 2347 Joan·
925 2322 983 2350 xv,
1001 2323 1030 2347 ι.
1056 2331 1098 2338 -
1114 2315 1129 2338 ³
1154 2312 1256 2356 1d.v,
1275 2312 1328 2353 ²4·
