1794 3256
332 294 418 323 ¹00
832 322 851 333 ,ν
882 292 914 319 S·
952 290 1143 319 AMBRosu

329 370 553 417 Canticum
574 369 614 413 ei
644 385 698 413 ne
730 368 807 428 ipsi
831 369 1003 426 quidem
1036 368 1197 411 inimici
1228 369 1415 428 objicere
1437 379 1701 429 potuerunt,

326 443 401 502 qui
436 457 534 485 eum
565 448 738 500 propter
769 440 847 483 alia
875 439 984 483 dieta
1014 456 1149 498 usque
1179 441 1231 483 ad
1262 456 1412 483 necem
1436 450 1534 484 sunt
1560 433 1698 501 perse-

327 513 428 557 cuti.
452 513 592 555 Unum
613 510 789 554 Daniel¹
810 543 821 560 ‚
847 526 979 553 unum
1003 510 1206 554 Habacuc
1230 510 1261 554 ².
1291 511 1489 554 Salomon
1508 512 1596 570 ipse
1611 512 1700 557 Da-

324 583 397 626 vid
421 582 531 634 filius
552 582 652 625 licet
674 583 896 625 innumera
927 582 1092 624 cantica
1121 582 1323 625 cecinisse
1346 570 1536 634 dicatur,
1563 600 1697 627 nuum

322 662 467 698 tamen
479 655 594 711 quod
609 653 798 695 Ecclesia
820 653 1053 711 receperit,
1073 652 1348 696 Canticorum
1372 654 1598 697 Canticum
1621 655 1699 698 de·-

323 727 505 784 reliquit.
533 727 580 768 In
599 726 688 768 aliis
710 725 837 784 igitur
860 725 1020 782 singula
1044 725 1264 767 advertere
1287 726 1402 769 licet.

383 797 474 840 Vll.
511 796 694 838 Historia
719 796 912 844 instruit,
931 796 1018 838 Lex
1034 796 1184 845 docet,
1210 796 1432 854 'prophetia
1457 797 1702 847 annuntiat,

322 867 536 926 correptio
558 867 761 925 castigat,
786 858 1000 919 moralitas
1023 867 1171 908 suadet
1196 882 1205 908 :
1234 866 1276 908 in
1304 867 1412 909 libro
1432 868 1697 911 psalmorum

320 938 537 997 profectus
567 946 631 980 est
653 937 867 987 omnium,
908 946 950 980 et
979 937 1192 980 medicina
1220 939 1411 994 quendam
1443 939 1588 982 salutis
1622 940 1697 981 hu-

318 1024 469 1054 manae.
504 1009 776 1067 Quicumque
809 1008 986 1066 legerit,
1024 1008 1154 1050 habet
1185 1023 1270 1065 quo
1306 1024 1432 1068 propi
1439 1025 1486 1052 re
1521 1011 1695 1052 vulnera

317 1079 521 1138 passionis
539 1079 710 1138 speciali
732 1078 863 1138 possit
886 1093 1035 1120 cuiaie
1065 1078 1268 1121 remedio.
1302 1079 1575 1136 Quicumque
1600 1094 1697 1122 cer-

317 1164 422 1193 nere
442 1150 646 1199 voluerit,
666 1157 867 1207 tanquam
890 1148 933 1191 in
955 1136 1175 1207 communi
1195 1147 1432 1192 animarum
1449 1150 1700 1208 gymnasio,

319 1227 363 1263 et
396 1221 581 1277 quodam
617 1220 751 1262 stadio
788 1220 994 1262 virtutum
1031 1204 1195 1261 diversa
1227 1234 1383 1277 genera
1411 1220 1697 1262 celtaminum

318 1290 536 1348 reperiens
566 1298 823 1349 praeparata,
855 1290 899 1332 id
929 1289 1008 1332 sibi
1040 1290 1199 1349 eligat,
1224 1290 1292 1332 cui
1320 1306 1365 1332 se
1395 1289 1592 1348 intelligit
1622 1306 1699 1348 ap·

318 1359 499 1410 tiorem,
526 1377 610 1418 quo
638 1361 802 1403 facilius
830 1360 1050 1419 perveniat
1072 1362 1124 1402 ad
1149 1375 1367 1402 coronam.
1397 1360 1439 1403 Si
1462 1360 1556 1418 quis
1579 1368 1699 1418 gesta

315 1443 540 1473 recensere
577 1431 789 1488 majorum
821 1432 1011 1480 studeat,
1050 1438 1177 1487 atque
1216 1430 1372 1472 imitari
1406 1430 1541 1480 velit,
1585 1431 1695 1474 intra

316 1516 453 1543 unum
481 1501 697 1544 Psalmum
738 1510 871 1544 totam
909 1509 1094 1559 paternae
1132 1500 1317 1542 historiae
1353 1500 1503 1543 seriem
1541 1501 1697 1559 accipit

319 1571 672 1628 comprehensam
691 1570 730 1621 ³3
755 1579 803 1614 ut
825 1571 1073 1613 thesaurum
1094 1571 1311 1612 memoriae
1332 1560 1587 1629 compendio
1603 1573 1695 1614 lec-

317 1640 447 1684 tionis
480 1641 682 1699 acquirat.
715 1641 923 1684 Faciliora
953 1657 1123 1699 quoque
1152 1641 1366 1691 videntur,
1400 1642 1694 1699 quaehrevius

318 1711 595 1769 explicantur.
635 1711 747 1755 Illud
779 1711 906 1754 etiam
933 1707 1102 1769 quent-'e
1141 1712 1395 1762 altitudinis,
1430 1713 1546 1770 quod
1573 1713 1694 1772 brevi

317 1781 538 1826 intervallo
549 1781 840 1825 ‘offensionum
856 1781 1031 1825 adversa
1044 1782 1257 1832 distinxit,
1277 1791 1320 1825 et
1337 1782 1698 1827 reconciliationis

318 1853 503 1896 secunda
526 1853 766 1903 subtexuit3
790 1861 839 1896 ut
867 1853 994 1896 simul
1020 1867 1299 1911 cognosceres
1332 1852 1436 1911 quid
1461 1851 1693 1896 increduli-

315 1923 413 1967 tatis
442 1924 610 1968 obesset
640 1924 828 1974 offensa,
860 1924 964 1982 quid
999 1923 1105 1967 fides
1137 1933 1340 1983 prompta
1377 1923 1616 1967 conferret?
1648 1923 1697 1967 Si

319 1994 413 2052 quis
432 1995 518 2038 vim
539 1995 642 2054 legis
663 1997 876 2055 explorat,
881 2010 990 2052 quae
1014 2003 1102 2038 tota
1120 1994 1162 2037 in
1182 1995 1354 2038 vinculo
1372 1994 1586 2038 charitatis
1602 2002 1695 2043 est·

320 2066 394 2124 qui
416 2066 528 2109 enim
562 2066 697 2125 diligit
726 2066 994 2124 proximum,
1024 2065 1182 2124 Legem
1207 2065 1422 2124 implevit,
1455 2066 1497 2108 in
1517 2064 1725 2108 Psalmis*

319 2136 432 2195 legat
446 2145 605 2195 quanto
623 2136 860 2180 dilectionis
882 2135 1038 2179 affectu
1065 2151 1142 2194 pro
1166 2134 1298 2179 totius
1309 2136 1446 2198 plebis
1463 2135 1695 2195 opprobrio

317 2209 586 2267 repellendo,
614 2208 814 2268 periculis
837 2223 881 2251 se
912 2207 1110 2267 gravibus
1138 2209 1252 2250 solus
1272 2207 1482 2269 objecerit
1506 2222 1517 2251 ε
1541 2207 1584 2250 in
1607 2221 1695 2264 quo

315 2292 404 2321 non
426 2278 631 2337 imparem
645 2279 863 2323 eharitatis
876 2278 1052 2338 gloriam
1067 2278 1285 2337 triumpho
1295 2278 1461 2322 virtutis
1473 2285 1690 2337 agnoscet.

318 2349 364 2393 Si
389 2349 483 2407 quis
510 2351 829 2410 correptionum
855 2361 963 2393 saeva
991 2349 1215 2399 foimidat,
1253 2349 1398 2393 audiat
1434 2347 1689 2394 dicentem:

328 2437 345 2461 ι
365 2419 574 2472 Domine,
598 2437 652 2465 ne
674 2423 715 2465 in
739 2422 800 2465 ira
821 2429 893 2465 tua
919 2436 1073 2481 arguas
1095 2436 1189 2470 me,
1214 2424 1352 2479 neque
1379 2420 1422 2463 in
1449 2421 1592 2464 surore
1615 2402 1693 2463 tuo

319 2492 553 2563 »corripias
577 2492 682 2539 me*
703 2510 715 2544 ;
747 2501 818 2537 »et
847 2491 993 2536 discat
1014 2488 1381 2551 quemadmodum
1413 2479 1568 2535 debeat
1586 2480 1693 2564 irati
1719 2544 1721 2546 q

362 2604 374 2621 ¹
394 2598 478 2630 Dan.
498 2608 549 2634 ιιι.
566 2599 620 2634 ⁵².
631 2603 664 2632 et
676 2608 769 2642 seqq
789 2615 832 2625 --
849 2607 862 2624 ⁸
885 2596 1012 2631 Babae.
1037 2607 1089 2638 ιιι,
1107 2607 1139 2636 2,
1123 2601 1290 2665 etseqq.
1310 2613 1350 2621 -
1365 2597 1379 2622 ὃ
1400 2596 1442 2629 Ρ
1435 2595 1636 2655 ιι1.ι.ιινιιξ
1653 2591 1689 2633 8,

318 2652 785 2697 etseqq.-⁴1d.v1,2*
1451 2651 1493 2710 >⁴
1635 2687 1719 2713 t
