1794 3256
289 281 347 326 92
848 276 880 307 S.
920 275 1112 308 Aunnosu

289 358 528 419 intelligere
547 357 770 403 debemus.
792 355 995 415 Sequitur
1013 357 1152 400 enim:
1169 374 1185 397 α
1198 357 1252 401 Et
1268 360 1502 403 secundum
1519 358 1664 407 multi·

290 451 308 474 »
324 431 514 476 tudinem
531 429 853 474 miserationum
873 436 1041 472 tuarum
1057 429 1152 472 dele
1168 429 1433 488 iniquitatem
1449 433 1652 478 meam2.»

290 502 386 558 Non
401 502 515 546 enim
535 501 650 544 idem
672 499 879 558 significat
899 506 1080 557 uterque
1103 500 1362 545 versiculus:
1386 504 1461 546 sed
1482 502 1595 546 illud.
1610 501 1666 547 ad

291 574 635 618 Incarnationem
666 571 863 621 refertur,
897 571 978 613 hoc
1007 586 1111 619 vero
1138 574 1255 630 quod
1284 574 1494 632 sequitur,
1519 575 1574 617 ad
1593 588 1671 618 eas

287 635 560 687 referendum
577 643 744 687 videtur
765 657 869 700 quas
886 641 965 684 Dei
980 641 1112 685 Filius
1134 642 1177 685 in
1193 658 1321 687 carne
1342 644 1529 703 suscepit
1543 643 1663 702 inju-

288 716 397 765 rias;
421 715 518 773 quia
542 714 764 772 jejunavit,
789 713 889 772 quia
904 713 1067 763 esuriit,
1095 714 1193 771 quia
1215 714 1348 765 flevit,
1372 716 1471 773 quia
1491 714 1669 774 vapula-

294 786 370 836 vit,
394 786 490 843 quia
513 784 758 834 crucifixus,
783 784 883 842 quia
904 792 1115 834 mortuus,
1140 785 1239 843 quia
1261 787 1449 845 sepultus
1470 794 1546 829 est.
1567 786 1669 829 Haec

297 856 414 899 enim
435 855 589 905 carnis,
613 871 700 899 non
721 855 961 898 Divinitatis
978 855 1154 913 insignia
1175 864 1286 899 sunt.
1309 857 1364 900 Et
1383 856 1671 900 necessarium

297 926 393 976 fuit,
407 935 752 970 utaerumnarum
768 926 1087 969 multitudinem
1105 926 1423 970 miserationum
1441 927 1673 972 multitudo

298 999 544 1057 depelleret,
567 999 788 1057 profutura
809 998 932 1040 nobis
953 997 1178 1041 dominicae
1194 998 1428 1042 certamine
1444 999 1665 1058 passionis.

357 1068 506 1113 LXVI.
543 1068 638 1112 Non
663 1068 778 1112 enim
804 1083 878 1111 sua
903 1076 1077 1127 peccata
1107 1069 1295 1118 delebat,
1321 1068 1419 1126 quia
1447 1077 1675 1128 peccatum

300 1140 467 1182 nullum
487 1138 669 1182 fecerat:
689 1140 763 1182 sed
781 1139 878 1197 quia
896 1147 1122 1197 peccatum
1139 1138 1278 1182 factus
1295 1147 1374 1188 est,
1393 1147 1536 1182 nostra
1553 1146 1676 1183 erant

302 1211 481 1254 delenda
516 1220 708 1271 peccata,
747 1212 857 1254 sicut
895 1210 1031 1254 David
1067 1209 1206 1253 dixit:
1235 1227 1251 1250 «
1273 1210 1378 1254 Dele
1408 1209 1676 1269 iniquitatem
1726 1239 1729 1241 -

303 1299 321 1321 »
333 1296 488 1325 meam.
506 1299 523 1321 >2
544 1281 660 1334 Quid
688 1290 752 1325 est
774 1281 961 1325 «Delei'»
983 1279 1215 1325 Videamus
1247 1281 1332 1324 hoc
1359 1281 1560 1331 verbum:
1589 1294 1678 1324 non

303 1351 419 1395 enim
434 1352 619 1395 otiosum
635 1360 711 1396 cst.
737 1353 933 1411 Denique
949 1361 992 1396 et
1008 1352 1106 1396 alibi
1124 1353 1205 1395 ait:
1222 1370 1238 1392 «
1249 1352 1337 1411 Ego
1355 1368 1449 1395 sum
1465 1352 1537 1411 qui
1556 1352 1679 1395 deleo

305 1424 578 1481 »iniquitates
597 1416 708 1474 tuas,
735 1432 776 1467 et
798 1439 964 1467 memor
986 1439 1072 1467 non
1089 1423 1202 1467 er0².
1221 1423 1361 1467 »Sunt
1381 1424 1574 1483 profecto
1596 1424 1680 1467 alte

306 1494 510 1553 impressa
537 1494 732 1551 quaedam
757 1493 1028 1536 conscientiae
1052 1502 1207 1537 nostrae
1231 1495 1378 1537 ulcera
1400 1495 1680 1546 delictorum,

303 1573 348 1608 et
363 1567 558 1622 quaedam
572 1564 782 1607 mentium
798 1572 1039 1607 nostrarum
1053 1564 1380 1622 animorumque
1395 1565 1574 1615 vibices,
1587 1577 1682 1623 quae

306 1649 503 1678 errorum
542 1642 789 1678 nostrorum
829 1634 1106 1677 obducuntur
1141 1634 1372 1678 ulceribus.
1409 1634 1549 1677 Habet
1580 1648 1682 1694 ergo

306 1708 435 1764 culpa
463 1705 731 1748 characteres
756 1719 855 1748 suos
879 1712 924 1748 et
949 1704 1113 1763 apices,
1140 1704 1294 1761 quibus
1321 1705 1540 1762 proditur:
1565 1706 1684 1763 quod

310 1792 398 1821 non
420 1775 588 1834 ingenio
609 1783 755 1819 nostro
778 1774 1033 1834 affingimus,
1062 1775 1137 1818 sed
1157 1773 1409 1833 prophetica
1429 1776 1683 1820 anctoritate

311 1849 541 1907 signamus
577 1846 745 1906 Scripta
772 1854 837 1890 est
867 1862 993 1905 ergo;
1024 1854 1066 1890 et
1090 1846 1164 1888 ubi
1197 1846 1353 1906 scripta
1383 1844 1437 1889 sit
1458 1846 1614 1890 videt«
1634 1847 1686 1891 In

311 1936 328 1959 υ
339 1926 529 1977 pectore,
543 1916 697 1975 inquit,
713 1917 853 1960 cordis
867 1915 966 1960 tui⁸.
983 1935 1000 1957 »
1011 1917 1103 1960 Hoc
1119 1924 1197 1966 est,
1216 1915 1275 1959 ibi
1292 1915 1449 1975 scripta
1466 1924 1532 1960 est
1547 1916 1686 1976 culpae

310 1987 544 2038 series‚ubi
559 1988 687 2030 etiam
703 1987 837 2031 forma
857 1987 1042 2037 virtutis;
1066 2002 1152 2030 non
1170 1987 1212 2029 in
1230 1986 1385 2031 tabulis
1400 1987 1593 2046 lapideis,
1612 1989 1688 2033 sed

310 2059 357 2102 in
374 2059 528 2102 tabulis
547 2059 687 2102 cordis
710 2058 963 2102 carnalibus.
992 2058 1078 2102 Sed
1100 2073 1193 2116 quae
1214 2058 1328 2102 bona
1351 2066 1450 2102 sunt
1466 2074 1552 2102 non
1573 2067 1689 2104 atra-

311 2138 459 2174 mento
474 2130 736 2180 scribuntur,
755 2137 830 2174 sed
846 2129 1007 2188 Spiritu
1022 2129 1101 2173 Dei
1117 2130 1198 2173 vivi
1215 2145 1225 2173 ε
1246 2145 1339 2188 quae
1352 2137 1499 2174 autem
1519 2130 1684 2183 vitiosa,

292 2201 492 2260 ,graphio
520 2201 659 2244 ferreo
681 2209 725 2244 et
747 2216 890 2260 ungue
918 2201 1203 2245 adamantino.
1240 2201 1353 2245 Talis
1374 2201 1691 2260 propemodum

314 2270 552 2330 Scriptura,
577 2271 712 2330 qualis
737 2279 804 2315 est
828 2284 954 2330 poena
979 2271 1159 2330 peccati.
1190 2270 1405 2315 Scribitur
1425 2272 1496 2316 illa
1512 2272 1691 2333 graphio

314 2342 478 2393 ferreo,
508 2342 591 2386 hoc
622 2342 739 2401 virga
769 2341 904 2386 ferrea
937 2346 1176 2392 coercetur,
1212 2341 1322 2386 sicut
1356 2342 1563 2402 scriptum
1593 2351 1688 2387 est:

326 2415 490 2473 «Reges
520 2429 594 2457 eos
621 2414 666 2457 in
694 2414 810 2472 virga
834 2413 1010 2457 ferrea‘.
1036 2432 1053 2454 n
1084 2413 1176 2458 Alia
1205 2421 1269 2456 est
1301 2413 1371 2457 illa
1404 2413 1521 2472 virga
1552 2422 1692 2467 recta,

314 2484 432 2542 virga
447 2484 564 2543 regni
578 2483 663 2528 tui⁵
679 2499 689 2527 :
710 2484 803 2527 haec
819 2483 1028 2542 supplicio
1046 2487 1216 2527 coel-cet
1230 2483 1393 2535 noxios,
1412 2484 1485 2528 illa
1500 2484 1692 2530 innoxios

284 2602 307 2630 ,'
363 2585 374 2601 ¹
399 2575 484 2610 Psal.
502 2586 542 2616 ι,
558 2575 591 2608 3.
603 2593 646 2601 —
661 2583 677 2600 ⁶
695 2574 774 2609 Isa'i.
790 2585 884 2615 nun,
902 2575 955 2610 25.
974 2593 1017 2603 -
1035 2577 1049 2602 ³
1064 2576 1192 2612 Jerem·
1206 2587 1287 2615 xvn,
1312 2586 1342 2609 ι.
1366 2594 1407 2605 --
1427 2578 1442 2606 4
1457 2576 1592 2619 Psalm,
1608 2588 1641 2622 9..
1653 2595 1697 2605 —

324 2632 340 2658 Β
364 2629 416 2665 Id.
429 2641 517 2671 xuv,
535 2641 568 2674 7.
