1794 3256
307 318 398 371 248
775 340 779 345 1
869 329 903 364 ες
941 334 1133 372 Aunnosu

309 411 428 455 ribus
450 426 473 454 a
494 412 674 470 pedibus
694 426 828 470 usque
850 415 902 456 ad
921 421 1072 472 caput,
1095 413 1249 458 sanitas
1269 416 1516 460 estrefusa¹
1543 426 1586 465 et
1606 415 1683 463 La·

312 498 434 526 zarus
460 498 621 542 pauper
643 483 714 541 qni
738 483 905 540 jacebat
934 485 986 526 ad
1014 484 1185 542 januam
1208 485 1371 538 divitis,
1395 479 1684 535 lambentibus

312 555 456 596 ulcera
479 554 572 612 ejus
596 554 795 603 canibus,
820 555 873 597 de
895 554 1141 614 cicatricum
1163 554 1337 600 suarum
1366 558 1515 602 foetore
1534 561 1682 630 subla-

317 622 428 673 tus²‚
449 623 522 666 ab
535 622 707 682 Angelis
743 624 786 666 in
809 624 990 667 Abrahae
1024 625 1116 668 sinu
1142 635 1205 670 est
1226 629 1469 672 collocatus.
1488 628 1577 672 Est
1584 645 1689 691 ergo

317 693 358 735 in
378 701 524 736 sancto
545 693 682 737 David
703 710 795 753 spes
812 702 855 738 et
876 696 1111 740 remedium
1133 698 1347 742 sanitatis·
1337 732 1347 749 ,
1373 700 1469 758 quia
1492 712 1578 743 non
1600 709 1687 744 un-

315 777 368 822 gu
360 772 519 806 entum
540 766 751 815 redolent,
768 767 844 808 sed
864 766 1058 810 foetorem
1081 783 1255 811 suorum
1282 770 1454 812 vulnera
1481 779 1685 829 peccato-

315 850 438 885 rum3
462 843 504 878 et
526 836 622 893 quia
643 836 840 895 affligitur
858 837 923 880 his
941 845 1066 895 atque
1084 848 1301 890 curvatur,
1329 848 1372 883 et
1394 856 1479 884 non
1503 843 1686 886 delecta-

317 916 398 950 tur.
424 906 579 966 Specta
600 923 716 950 nunc
735 909 1001 967 epheborum
1021 910 1203 968 aliquem
1219 911 1440 962 lascivum,
1460 921 1503 956 et
1517 914 1689 973 egregie

313 977 593 1021 libidinosum
610 1011 621 1028 ‚
639 979 711 1036 qui
728 979 771 1021 in
788 980 943 1038 stupris
968 980 1094 1024 vitam
1113 977 1232 1024 suam
1250 983 1412 1041 exigat,
1430 999 1551 1027 more
1573 984 1687 1033 illius

316 1047 455 1091 divitis
482 1048 524 1091 in
545 1048 672 1107 bysso
691 1057 734 1092 et
757 1058 870 1093 ostro
891 1050 1103 1108 jacentem
1117 1085 1126 1101 ,
1156 1061 1282 1110 atque
1305 1052 1687 1113 epulantemqiloss

316 1118 419 1161 tidie
441 1120 677 1177 splendide,
701 1120 770 1163 cui
786 1130 933 1164 natent
951 1123 1191 1180 pavimenta
1209 1124 1322 1174 vino,
1346 1132 1512 1183 tegatur
1527 1124 1689 1170 humus

316 1187 494 1231 ‚floribus
526 1197 570 1232 et
596 1190 724 1248 spinis
748 1200 947 1250 cooperta
972 1193 1178 1251 piscium,
1206 1194 1389 1238 incensis
1423 1196 1688 1241 diversorum

317 1259 645 1317 thymiamatum
663 1262 864 1305 odoribus
884 1263 1065 1307 triclinia
1076 1266 1386 1324 compleantur,
1407 1266 1688 1324 quemadmo-

319 1331 423 1372 dum
445 1345 488 1373 se
520 1331 692 1373 beatum
715 1340 859 1390 putet,
884 1342 926 1376 et
947 1334 1057 1377 bene
1077 1351 1122 1378 se
1142 1338 1256 1378 olere
1282 1336 1443 1393 judicet
1462 1354 1475 1387 3
1500 1342 1691 1396 cumque

318 1400 457 1458 gravia
477 1409 601 1459 atque
621 1401 818 1446 diuturna
843 1404 993 1448 animae
1013 1421 1097 1449 suae
1112 1408 1286 1450 vulnera
1303 1417 1436 1466 gerat,
1455 1416 1498 1451 et
1514 1424 1688 1468 corrup-

318 1480 411 1513 tum
424 1472 671 1530 sanguinem
688 1472 747 1515 ssu
735 1481 808 1522 ¹,at
830 1475 997 1516 nullum
1010 1482 1152 1518 tamen
1165 1475 1358 1519 foetorem
1376 1493 1460 1528 suae
1479 1478 1688 1524 cicatricis

320 1542 512 1601 accipiat.
549 1543 801 1587 Obstructas
829 1545 942 1588 enim
966 1560 1088 1589 coeno
1118 1563 1242 1591 nales
1270 1548 1424 1599 habet,
1449 1564 1528 1593 nec
1546 1548 1691 1610 potest

319 1609 492 1656 dicere:
509 1631 525 1652 α
541 1613 722 1672 Spiritus
745 1614 927 1666 divinus,
948 1617 1019 1674 qui
1037 1625 1098 1660 est
1122 1617 1163 1660 in
1186 1618 1359 1663 naribus
1381 1619 1517 1662 mcis'
1524 1651 1534 1662 .
1557 1618 1690 1665 »Ideo

320 1683 435 1728 (lives
469 1684 540 1728 itle
566 1685 803 1728 remedium
828 1687 973 1731 salutis
1003 1688 1192 1731 invenire
1217 1703 1302 1731 non
1334 1689 1496 1747 potuit,
1527 1705 1694 1750 pauper

319 1754 492 1799 invenit.
521 1755 714 1813 Denique
744 1757 849 1799 alter
876 1760 989 1816 apud
1010 1758 1200 1802 inferos
1189 1775 1231 1801 m
1256 1760 1489 1819 supplicio,
1514 1761 1662 1806 alter
1644 1769 1692 1805 m

318 1825 477 1884 Pssqssle

375 1895 540 1940 XXXI.
579 1895 745 1940 Invenit
763 1911 864 1955 ergo
894 1906 1108 1956 perpetuae
1133 1900 1278 1943 salutis
1301 1900 1538 1944 remedium
1558 1900 1689 1946 etiam

317 1974 491 2009 sanctus
513 1967 718 2024 propheta
745 1967 881 2010 David
897 2001 908 2017 ,
936 1968 1007 2025 qui
1037 1968 1187 2012 foetorc
1213 1970 1294 2013 sibi
1321 1971 1469 2014 animae
1495 1987 1580 2016 suae
1600 1974 1690 2016 vul-

316 2051 420 2079 nera
449 2037 690 2088 fatebatur,
726 2046 768 2080 et
803 2054 825 2080 a
854 2037 962 2081 facie
988 2038 1236 2097 insipientiae
1264 2056 1350 2085 suae
1378 2042 1694 2104 computruisse-

318 2108 396 2150 sibi
418 2107 638 2152 cicatrices
659 2108 852 2167 proprias
881 2110 1147 2166 loquebatur.
1180 2109 1270 2153 Sedv
1294 2119 1357 2154 est
1379 2120 1421 2155 et
1446 2111 1688 2171 insipientia

318 2193 412 2236 quae
428 2193 505 2236 per
525 2178 746 2221 stultitiam
767 2179 1078 2237 praedicationis
1100 2181 1372 2225 credentibus
1394 2183 1574 2234 satutem>
1591 2181 1691 2227 asse-

317 2258 394 2292 rat.
420 2249 591 2307 Refugit
612 2265 713 2308 ergo
729 2250 940 2308 Propheta
963 2251 1206 2309 evangelico
1222 2250 1309 2309 jam
1334 2251 1495 2311 Spiritu
1512 2252 1692 2314 Sapienf

319 2320 421 2362 tiam
448 2319 565 2362 istius
590 2320 762 2370 mundi,
788 2336 871 2378 qua
893 2335 979 2363 non
1004 2321 1277 2381 cognoscitur
1300 2322 1414 2365 Deus
1435 2338 1444 2366 ε
1469 2320 1564 2380 (Ῐυω
1584 2321 1692 2382 tegit

316 2405 392 2433 sua
410 2391 583 2434 vulnera
598 2422 608 2440 ,
632 2406 718 2433 non
739 2393 897 2434 revelat
919 2392 974 2435 ad
995 2392 1239 2435 Dominum.
1262 2392 1410 2436 Melior
1435 2393 1563 2452 igitur
1584 2388 1691 2437 insi-

315 2459 497 2518 pientia,
522 2475 615 2518 quae
641 2462 787 2504 oculos
809 2461 938 2504 habet
958 2470 1006 2504 ut
1026 2462 1166 2506 videat
1189 2464 1332 2507 ulcera
1352 2470 1427 2506 sua
1441 2496 1452 2514 ‚
1478 2467 1605 2522 quam
1626 2477 1690 2508 sa·

316 2530 474 2588 pientia
503 2545 595 2588 quae
624 2546 710 2574 non
743 2532 885 2575 habet.
921 2533 975 2576 Et
1005 2533 1101 2576 ideo
1130 2532 1380 2592 insipientiae
1414 2540 1509 2577 suae‘
1531 2531 1690 2577 obtutu

320 2600 560 2651 admonitus
577 2602 750 2660 spiritali
769 2611 909 2646 tantus
927 2619 1013 2652 rex,
1037 2604 1240 2647 afflictum
1261 2621 1305 2647 se
1328 2605 1506 2648 miseriis
1526 2612 1693 2663 protes·

363 2705 372 2719 ¹
398 2695 471 2729 Job.
500 2707 538 2736 η,
554 2695 585 2728 8.
604 2714 643 2720 -
662 2704 674 2719 ²
695 2698 776 2730 Luc.
802 2709 865 2734 xvi,
888 2709 939 2730 2-2.
965 2716 1002 2723 -—
1027 2700 1040 2723 3
1064 2698 1144 2732 «lob.
1163 2710 1266 2737 xxvii,
1288 2699 1319 2731 3.
