1794 3256
419 349 657 381 nummario
690 350 730 378 H(
764 347 950 378 »summ
980 347 1116 376 XXXVI·
1367 349 1451 394 209

87 434 295 509 tpiebant
333 430 552 490 accipere,
578 428 651 488 qui
685 427 888 473 credituri
921 435 1043 472 erant
1064 426 1108 471 in
1138 426 1276 471 eum'.
1298 447 1315 469 ι
1346 428 1456 487 Ergo

92 523 175 554 nec
195 508 278 552 hoc
297 519 430 578 pane,
445 512 522 547 nec
535 517 641 560 aqua
659 500 899 545 resectionis
919 499 1080 561 indiget
1093 499 1259 559 justus,
1285 499 1458 559 cuiSpi-

95 578 202 623 ritus
222 574 395 620 sanctus
407 581 473 617 est
492 572 659 631 requies
673 580 717 616 et
731 571 919 616 resectio.
1282 587 1286 589 >

155 645 497 698 LX11.Quomo
520 653 662 687 autem
696 643 854 702 poterit
887 643 1099 703 indigere,
1130 641 1204 702 qui
1225 641 1363 686 «Tota
1391 642 1459 686 die

98 714 353 762 »miseretur
372 723 416 759 ct
438 714 615 757 soenerat
629 713 644 735 ²
661 713 680 756 Ξ)
696 733 712 753 ι
726 713 842 767 Quid
866 722 931 757 est
957 714 1072 782 quod
1094 713 1273 757 soenerat
1290 712 1462 771 justus?

98 783 195 834 Nou
213 802 293 836 aes,
315 800 400 829 non
416 777 723 833 fermu1.n0n
750 783 1005 843 piumbum.
1027 785 1103 828 sed
1126 792 1349 843 argentum
1378 783 1464 842 igni

100 857 402 902 examinatum.
439 854 532 898 Hoc
559 854 696 898 desert
728 855 782 897 ad
812 870 1001 898 mensam
1030 854 1226 905 Domini,
1252 863 1298 899 et
1318 855 1468 898 dividit

94 925 418 988 requirentibus
445 940 457 968 ε
491 925 561 969 cui
590 940 741 975 unam,
776 925 847 968 cui
873 926 999 975 duas,
1033 926 1103 971 cui
1133 926 1322 989 quinque
1347 940 1470 969 mnas

103 1070 346 1115 *audivimus
373 1068 417 1112 in
443 1067 555 1127 Lege
586 1067 913 1126 reprehensam,
946 1067 1116 1110 dicente
1144 1067 1319 1125 Moyse:
1346 1086 1363 1107 ι
1379 1067 1474 1111 Non

108 1137 405 1185 »soenerabis⁸.
427 1157 445 1177 ι
467 1137 634 1196 Duplex
653 1145 718 1180 est
737 1136 957 1180 soeneratio
977 1151 988 1179 ε
1012 1153 1095 1180 una
1111 1137 1327 1197 pecuniae,
1345 1139 1476 1183 altera

105 1212 268 1274 gratiae.
284 1209 690 1268 Divideutramque,
704 1209 803 1267 quia
821 1208 1026 1270 scriptum
1042 1218 1105 1252 est
1125 1225 1136 1251 ε
1152 1228 1168 1248 ι
1181 1208 1224 1253 Si
1237 1214 1354 1253 recte
1374 1209 1477 1255 offe-

108 1299 233 1334 na,
253 1297 339 1326 non
358 1289 476 1324 recte
495 1279 680 1326 dividas.
701 1279 914 1338 peccasti:
934 1278 1148 1337 quiesce&
1170 1299 1186 1319 ι
1216 1280 1266 1323 Et
1289 1288 1335 1323 tu
1360 1289 1476 1324 recte

107 1355 276 1405 divide,
305 1369 360 1397 ne
390 1367 558 1413 pecces.
597 1350 693 1410 Ipse
719 1350 886 1410 Moyses
912 1352 1064 1394 doceat
1089 1359 1131 1394 te
1158 1351 1371 1403 dividere,
1403 1352 1478 1411 qui

102 1416 329 1470 admonuit
348 1431 467 1467 recte
488 1421 763 1466 dividendum
771 1438 784 1470 ;
810 1429 856 1464 ut
876 1421 1066 1480 sequaris
1097 1423 1215 1480 quod
1234 1421 1343 1466 Abel
1366 1422 1474 1482 egit,

104 1495 183 1558 qni
212 1502 329 1539 recte
363 1493 505 1537 divisit
529 1509 540 1534 ε
572 1491 707 1552 fugias
732 1493 851 1551 quod
881 1491 985 1535 Cain
1012 1492 1223 1552 parricida
1244 1493 1369 1544 fecit,
1400 1495 1474 1552 qui

108 1575 228 1611 recte
249 1565 437 1610 dividere
457 1563 686 1607 nesciebat.
712 1562 869 1605 Dividit
890 1578 992 1620 ergo
1012 1562 1195 1621 Spiritus
1220 1572 1391 1607 sanctus
1411 1565 1480 1608 di-

110 1637 292 1681 visiones
306 1669 318 1686 ,
346 1635 419 1694 qui
440 1641 641 1693 operatur
661 1632 803 1676 omnia
813 1632 1020 1675 ‘dividens
1035 1632 1210 1693 singulis
1224 1643 1352 1692 prout
1367 1636 1479 1678 vult:

113 1708 183 1753 ille
197 1715 325 1768 prout
340 1707 452 1754 vult,
474 1713 520 1747 tu
541 1711 669 1763 prout
689 1712 831 1763 potes,
852 1711 981 1762 prout
1001 1703 1170 1762 ingenio
1186 1706 1310 1748 vales.
1331 1705 1483 1749 Divido

109 1778 283 1840 quando
297 1777 385 1822 Lex
399 1778 453 1820 de
471 1774 653 1835 pecunia
671 1773 801 1825 dicat,
819 1775 991 1833 quando
1006 1776 1061 1817 de
1076 1774 1222 1834 gratia.
1238 1775 1353 1819 Dixit
1367 1775 1483 1834 θρίω

114 1850 224 1895 tibi:
250 1867 267 1889 ι
280 1846 529 1893 Foenerabis
545 1845 766 1904 gentibu5‚
789 1845 914 1904 cujus
928 1845 1137 1889 Dominus
1157 1862 1306 1890 usuras
1325 1847 1480 1907 exigit,

115 1930 196 1966 »tu
214 1928 357 1964 autem
378 1933 466 1962 non
483 1915 771 1961 mutuaberis⁵
778 1947 790 1959 .
812 1935 829 1956 ι
850 1916 925 1959 Est
945 1924 990 1960 et
1006 1900 1186 1975 pecunia
1202 1917 1402 1970 soenoris,
1419 1926 1484 1962 est

112 2001 159 2036 et
173 1991 331 2051 gratia,
349 1988 473 2047 cujus
492 1987 700 2031 Dominus
722 2002 872 2030 usuras
891 1986 1050 2046 exigit·
1073 1988 1256 2047 pecunia
1277 1989 1479 2040 foenoris,

115 2079 173 2108 :es
186 2062 340 2117 habet,
361 2059 496 2120 gratia
516 2057 647 2102 fidem
668 2057 846 2101 confert.
871 2058 1097 2101 Foenerato
1122 2069 1223 2118 ergo
1239 2046 1370 2103 fidem
1384 2076 1483 2120 gen·

115 2129 255 2184 tibus,
271 2140 321 2176 ut
335 2130 414 2176 tihi
429 2129 619 2173 abundet
638 2128 771 2187 gratia
794 2145 806 2170 :
824 2136 872 2172 tn
894 2136 1036 2171 autem
1050 2128 1138 2170 noli
1154 2130 1339 2172 mutuari
1364 2131 1484 2188 quasi

115 2203 411 2264 indigus‘ssed
429 2200 548 2260 quasi
569 2200 686 2243 dives
705 2199 965 2258 et·locuples
994 2198 1213 2242 soenerato.
1241 2199 1483 2245 Foeneravit

116 2276 291 2326 Petrus,
313 2269 969 2319 roeneravitPaulus,roene1-avit
997 2268 1184 2313 Joannes
1205 2272 1482 2330 evangelista,

116 2347 188 2391 vel
220 2352 403 2404 uterque
431 2342 476 2399 (3
486 2343 548 2398 ι),
578 2349 623 2386 et
651 2356 740 2384 non
770 2339 976 2399 indignit-,·
1006 2339 1091 2382 hoc
1112 2348 1199 2390 est,
1226 2340 1487 2387 soenerarunt

119 2415 346 2473 pecuniam
375 2411 557 2462 Christi,
588 2426 677 2454 non
704 2410 968 2455 soenerarunt
987 2410 1193 2469 pecunias
1211 2414 1267 2456 ad
1295 2428 1482 2457 usuram.

123 2484 302 2527 Foenera
318 2499 444 2540 ergo,
458 2499 471 2524 ι
483 2491 502 2526 t
522 2481 607 2525 noli
629 2478 835 2524 desistere
852 2479 1073 2524 soenerare.
1098 2480 1232 2525 Audis
1252 2482 1357 2540 quid
1374 2483 1490 2543 dicat

117 2554 370 2614 Scriptura.
400 2550 540 2596 «Tou
571 2550 640 2595 die
670 2549 895 2595 miseretur
918 2558 964 2596 et
986 2550 1218 2596 soenerat·
1243 2553 1391 2599 Justus
1412 2571 1491 2615 per

171 2658 296 2692 »luam
313 2668 357 2689 vu
362 2657 499 2702 ,57-39.
517 2676 555 2684 —
576 2666 591 2686 ⁸
612 2657 696 2693 Psal.
717 2656 1489 2705 xxxv=‚26.—³Deut.xx.,n19.-—⁴Geu0

122 2722 174 2751 Π,
190 2723 224 2756 7·
244 2729 287 2739 ·-
304 2714 319 2737 ⁵
339 2713 437 2747 Deut-
452 2724 507 2752 xv,
520 2712 555 2746 6.

276 2769 1359 2821 151.st
