1794 3256
451 324 689 358 εωιιιιᾼτιο
723 330 763 358 1³·
800 328 987 360 rumim
1018 330 1132 358 xuu.
1387 318 1472 379 393

113 421 272 458 ιοιιεηι
297 407 436 466 gravia
452 441 464 457 ,
490 417 534 451 et
566 409 791 468 imponunt
824 425 952 470 super
985 409 1187 452 humeros
1216 409 1470 453 hominum:

84 526 96 529 ,
114 478 222 538 »ipsi
250 487 392 522 autem
418 479 550 538 digito
574 496 652 524 suo
685 484 837 526 nolunt
865 497 915 525 ea
939 495 1125 524 movere.
1150 480 1306 524 Omnia
1331 489 1474 525 autem

113 549 327 599 dacium,
344 557 393 592 ut
406 550 630 594 videantur
650 553 702 595 ab
724 551 1002 596 hominihus¹
1007 583 1020 596 .
1045 570 1064 592 ι

170 618 463 672 LXV1.Q1id
477 629 562 671 est,
579 623 781 666 sederunt
799 622 985 673 Scrihae3
1002 622 1083 666 nisi
1098 622 1197 681 quia
1210 622 1352 666 littera
1372 622 1473 666 scri-

112 689 259 735 bitur?
286 691 402 735 unde
421 700 465 734 et
484 712 695 747 γραμματεις
726 708 862 751 graece
889 694 1091 738 dicuntur
1116 693 1298 744 Scrihae,
1324 694 1475 738 litterae

112 769 338 819 sequentes
382 763 774 822 interpretationem
789 798 802 815 ,
846 781 936 809 non
971 765 1143 825 spiritus
1183 763 1473 815 intellectuim

112 832 252 892 littera
271 841 414 878 autem
431 834 601 878 occidit.
627 834 830 879 Litteram
846 852 948 896 ergo
964 837 1231 881 occidentem
1254 844 1478 894 sequentes

112 910 156 946 et
176 902 273 962 ipsa
303 905 585 963 appellatione
612 917 859 951 resonantes
883 908 1042 952 Scrihae
1064 907 1307 952 {Pharisaei
1336 915 1479 951 autem

114 982 238 1024 sunt,
263 973 347 1018 hoc
365 983 431 1018 est
437 1009 461 1029 2
492 977 565 1034 qui
582 992 620 1025 ,a
642 979 826 1021 veritatis
851 979 1013 1022 unitate
1035 979 1157 1022 divisi
1178 986 1304 1027 sunt3
1319 977 1478 1021 Phares

113 1045 228 1087 enim
253 1045 555 1105 interpretatur
580 1047 739 1092 divisio.
767 1049 972 1092 Dividunt
995 1058 1139 1092 autem
1167 1047 1365 1092 Pharisaei
1391 1047 1476 1090 hoc

114 1129 268 1174 genere
285 1116 415 1159 verba
437 1116 586 1176 Legis,
616 1126 664 1161 ut
691 1127 914 1167 resonent,
945 1126 990 1161 et
1009 1119 1053 1161 in
1074 1118 1164 1176 ipsa
1187 1116 1474 1160 meditentur:

114 1185 311 1243 spiritalis
331 1193 473 1229 autem
492 1188 692 1244 mysteria
711 1187 836 1247 Legis
848 1196 894 1231 et
907 1196 1170 1231 sacramenta
1185 1203 1273 1230 non
1288 1186 1472 1230 videant.

114 1255 223 1302 Nam
236 1255 272 1299 si
290 1255 379 1300 Lex
395 1256 590 1314 spiritalis
610 1265 674 1301 est
685 1278 700 1308 3
716 1258 866 1316 utique
887 1267 1102 1318 praecepta
1124 1258 1247 1317 Legis
1259 1265 1368 1316 ,sunt
1396 1256 1480 1315 spi÷

113 1325 252 1373 ritalia
283 1335 330 1370 et
356 1342 485 1386 opera
509 1328 604 1386 ejus
638 1329 842 1387 spiritalia
869 1338 982 1374 sunt.
1017 1329 1231 1373 Docentes
1259 1343 1360 1387 ergo
1382 1342 1477 1386 quae

112 1398 279 1456 Moyses
312 1398 501 1458 scripsit,
530 1415 659 1443 onera
690 1401 832 1459 gravia
864 1401 995 1459 ligant
1032 1400 1325 1460 corporalibus
1355 1399 1479 1458 Legis

119 1467 289 1527 (gravia
306 1477 408 1512 sunt
427 1469 541 1513 enim
562 1485 656 1528 quae
671 1471 881 1514 contraria
903 1471 1005 1529 jugo
1027 1470 1185 1515 Christi
1200 1471 1323 1528 sunt)
1343 1478 1388 1513 et
1401 1485 1481 1528 per

113 1537 353 1580 doctrinam
388 1553 507 1582 suam
533 1539 699 1583 deviam
732 1541 873 1600 gravia
902 1556 1030 1584 onera
1055 1541 1284 1600 imponunt
1305 1540 1479 1583 auribus

116 1607 378 1652 audientium
393 1643 406 1659 ‚
427 1625 522 1667 qnae
551 1610 630 1669 ipsi
650 1626 704 1654 ne
732 1619 898 1655 tantum
920 1611 1095 1669 quidem
1117 1612 1265 1653 volunt
1282 1625 1478 1660 movere,

116 1687 165 1723 ut
178 1695 203 1723 a
218 1680 509 1739 corporalibus
521 1680 644 1740 Legis
664 1684 718 1726 ad
739 1683 938 1741 spiritalia
960 1681 1191 1741 Scripturae
1214 1682 1344 1725 verba
1365 1696 1480 1724 com-

114 1759 325 1795 moveant.
350 1748 421 1795 Sic
442 1753 559 1796 enim
578 1753 899 1812 intelligendum
917 1762 1008 1803 est,
1033 1753 1133 1811 quia
1153 1752 1284 1811 digito
1306 1767 1384 1795 suo
1405 1766 1480 1795 no·

114 1822 217 1864 lunt⁴
234 1835 407 1865 movere
430 1823 527 1872 illa3
549 1823 633 1867 hoc
655 1832 720 1868 est
734 1857 747 1874 ,
772 1839 853 1868 nec
871 1825 1025 1883 exiguo
1046 1831 1208 1883 puncto
1235 1831 1362 1881 atque
1381 1838 1481 1866 mov

18 1924 23 1927 a
114 1893 537 1938 menwttramfemnt
552 1909 598 1937 se
619 1896 673 1938 ad
688 1895 1007 1953 intelligentiam
1025 1895 1270 1954 spiritalem.
1292 1893 1400 1936 Hinc
1414 1901 1479 1936 est

34 2013 37 2015 ,
115 1971 160 2007 et
179 1963 307 2013 illud,
342 1965 458 2021 quod
482 1964 689 2023 scriptum
712 1973 778 2009 est
801 1981 846 2008 z«
867 1965 995 2018 Quod
1020 1965 1056 2008 si
1081 1965 1124 2007 in
1145 1964 1276 2023 digito
1298 1964 1378 2007 Dei
1398 1979 1478 2023 ego

114 2033 272 2092 »ejicio
299 2034 504 2080 «hemonia
530 2035 562 2078 ².
589 2036 739 2088 »Quid
766 2037 820 2079 sit
846 2036 1023 2094 digitus,
1059 2036 1364 2094 interpretatur
1388 2034 1478 2093 ipsa

57 2140 67 2146 ,
113 2104 356 2164 Scriptura,
379 2121 474 2164 quae
500 2106 603 2149 dicit
627 2106 672 2149 in
691 2107 773 2149 alio
796 2106 907 2156 libro
930 2105 1146 2161 Evangelii
1165 2120 1210 2148 ια
1231 2106 1362 2158 Quod
1382 2105 1478 2147 siin

7 2188 17 2197 ‘
115 2195 133 2216 »
145 2176 306 2235 Spiritu
318 2177 397 2220 Dei
416 2192 495 2235 ego
514 2177 640 2234 ejicio
660 2177 868 2223 daemonia
884 2176 915 2234 ⁸,
943 2197 962 2217 ι
974 2177 1139 2235 Digitus
1150 2192 1253 2235 ergo
1268 2176 1363 2226 Dei,
1380 2175 1480 2234 Spi—

118 2248 222 2293 ritus
241 2247 320 2291 Dei
337 2255 424 2296 est;
447 2248 562 2291 Deus
583 2249 698 2291 enim
713 2248 896 2307 Spiritus
909 2256 975 2292 est
986 2281 999 2297 ‚
1017 2256 1062 2291 et
1075 2248 1182 2291 nihil
1195 2248 1328 2291 habet
1343 2247 1385 2290 in
1403 2263 1477 2290 sua

117 2318 348 2365 substantia
380 2321 630 2377 corporale,
659 2321 734 2362 sed
772 2328 886 2363 totus
912 2327 979 2362 est
1007 2318 1206 2378 Spiritus.
1238 2319 1288 2363 In
1319 2318 1480 2377 Spiritu

117 2403 219 2447 ergo
237 2387 317 2432 Dei
333 2388 452 2445 ejicit
474 2389 753 2433 daemonium.
784 2389 865 2447 qui*
879 2390 924 2432 in
943 2389 1076 2448 digito
1099 2389 1178 2432 Dei
1198 2388 1330 2446 ejicit.
1358 2389 1478 2431 Unde

119 2466 163 2500 et
193 2465 364 2500 sanctus
393 2458 530 2502 David
561 2459 661 2502 ait:
696 2459 961 2557 «Quoniam
993 2459 1147 2502 videbo
1176 2460 1308 2502 coelos
1347 2466 1475 2508 tuos,

118 2543 278 2587 »opera
298 2528 527 2587 digitorum
548 2530 761 2574 tuorum⁴
815 2531 930 2574 »hec
958 2536 1046 2579 est,'
1063 2530 1243 2589 Spiritus
1260 2530 1328 2577 tui
1350 2544 1480 2588 opera

120 2606 221 2648 sunt
247 2598 370 2648 coeli,
397 2599 508 2645 sicut
534 2609 580 2643 et
605 2601 811 2659 scriptum
843 2610 910 2646 est
947 2616 993 2645 :u
1004 2599 1156 2647 Verbo
1184 2600 1357 2647 Domini
1381 2599 1479 2646 coeli

170 2699 180 2718 ⁸
201 2689 319 2728 nauh.
331 2701 427 2731 une,
443 2691 510 2737 2-4.
522 2711 564 2721 —-
575 2702 591 2721 ²
606 2694 682 2729 Luc.
698 2704 747 2737 ιι,
761 2704 811 2731 ²0.
821 2711 865 2729 7-
874 2696 889 2720 ³
901 2694 1020 2734 Ufltsst,
1031 2705 1096 2739 ιιι,
1107 2693 1163 2732 38.
1180 2712 1225 2724 -ν
1236 2696 1252 2733 4
1263 2693 1348 2730 Psal.
1357 2703 1429 2731 vm.
1441 2692 1474 2738 ⁴*
