1794 3256
339 286 420 335 40⁰
884 289 915 318 s.
955 287 1147 319 manosn

391 370 584 418 LXXVI.
605 370 659 413 Et
670 369 944 428 Septuaginta
958 368 1145 411 virorum
1157 366 1325 410 videtur
1339 380 1438 410 cum
1455 365 1521 408 his
1532 371 1698 409 senten-

335 445 391 487 tia
419 442 668 491 convenire;
699 457 798 484 cum
821 440 970 482 dicunt
991 438 1090 496 quia
1112 438 1316 496 scriptum
1345 446 1409 480 est
1428 453 1437 478 :
1454 454 1471 476 α
1485 436 1701 489 Quoniam

335 515 596 560 »humiliasti
625 513 743 557 nos¹.
773 531 789 552 »
819 511 952 569 Cujus
986 509 1345 569 interpretationis
1373 507 1616 552 testimonia
1645 509 1699 551 de

336 585 564 644 Scripturis
588 593 685 627 sunt
705 583 828 626 nobis
855 583 1103 624 arcessenda
1127 581 1288 624 divinis.
1312 579 1382 623 Ait
1401 578 1576 623 enimin
1591 579 1706 622 Dea-⁷

335 655 574 700 teronomio
590 671 600 698 :
618 673 633 694 «
650 654 694 697 Si
711 653 876 703 exieris,
892 652 1044 710 inquit,
1069 652 1113 694 in
1135 666 1321 710 pugnam
1344 651 1542 694 adversus
1563 648 1703 692 inimi-

335 745 351 768 »
366 742 438 770 cos
457 734 569 774 tuos,
593 734 635 769 et
651 725 871 768 tradiderit
891 723 969 767 tibi
991 738 1063 766 eos
1083 723 1291 766 Dominus
1305 723 1419 765 Deus
1436 730 1534 764 tuus
1556 719 1600 763 in
1615 734 1703 763 ma-

335 817 351 840 »
364 814 443 841 nus
459 807 569 846 tuas,
592 805 635 840 et
655 798 920 855 depraedatus
941 795 1070 838 fueris
1093 794 1223 853 spolia
1241 808 1406 843 eorum,
1427 800 1469 836 et
1483 791 1640 836 videris
1661 790 1721 847 in*

335 888 353 911 ι
365 885 413 913 ea
425 868 738 927 depraedatione
750 867 974 912 mulierem
989 867 1145 909 bonam
1158 866 1297 924 specie
1311 899 1320 914 ,
1339 874 1382 908 et
1398 863 1704 907 cohabitaveris

335 959 351 982 ιο
366 956 466 984 cum
487 956 549 983 ea.
566 939 648 982 »Et
668 939 800 981 infra:
818 938 890 980 «Si
906 936 1092 980 nolueris
1113 952 1206 980 eam
1227 945 1390 995 postea,
1410 935 1594 979 dimittes
1611 948 1705 976 eam

334 1013 613 1056 »libel-amm.
645 1011 743 1068 quia
772 1009 1005 1052 humiliasti
1036 1007 1168 1052 eam².
1194 1008 1349 1052 »Vides
1366 1017 1476 1066 ‘ergo
1502 1006 1704 1065 quoniam

335 1096 422 1126 non
459 1090 608 1125 natura
640 1081 704 1123 sui
735 1095 845 1130 eam,
878 1082 952 1122 sed
982 1081 1015 1122 is
1047 1080 1119 1137 qui
1146 1079 1185 1122 ei
1215 1079 1499 1137 integritatem
1529 1075 1704 1136 pudoris

338 1153 508 1211 eripuit,
530 1152 772 1195 humiliasse
793 1151 1055 1209 perhibetur.
1087 1151 1313 1194 Humilitas
1333 1165 1434 1209 ergo
1456 1148 1595 1208 operis
1615 1156 1700 1196 est,

337 1239 414 1283 per
439 1223 554 1281 quod
574 1238 672 1266 caro
693 1222 974 1280 ista',“peccati
998 1237 1152 1279 corpus
1172 1221 1324 1264 effecta
1346 1229 1424 1271 est,
1449 1230 1492 1264 et
1507 1222 1628 1264 locus
1644 1218 1706 1262 af-

279 1325 284 1331 .
340 1293 595 1337 ssictationis.
623 1293 784 1336 Iterum
807 1293 928 1336 alibi:
946 1293 1019 1336 «Si
1041 1292 1156 1351 virgo
1179 1292 1428 1351 desponsata
1448 1291 1575 1334 suerit
1596 1291 1702 1339 viro,

339 1372 412 1407 »et
441 1364 658 1406 inveniens
690 1378 784 1406 eam
820 1363 950 1405 homo
978 1363 1022 1406 in
1052 1363 1221 1405 civitate
1249 1362 1470 1405 dormierit
1494 1377 1592 1404 cum
1624 1375 1672 1403 ea
1692 1394 1703 1411 ‚

339 1452 356 1474 n
369 1436 607 1476 educentur
618 1434 743 1476 ambo
757 1434 811 1475 ad
822 1441 990 1491 portam
1002 1432 1180 1476 civitatis
1198 1448 1282 1476 suae
1292 1466 1303 1482 ,
1317 1441 1360 1475 et
1374 1431 1704 1490 lapidabuntur:

337 1511 411 1546 »et
439 1504 647 1546 morietur
675 1502 924 1560 juvencula3
955 1503 1052 1560 quia
1072 1518 1158 1546 non
1180 1502 1430 1546 exclamavit
1452 1503 1495 1546 in
1518 1501 1704 1551 civitate,

338 1590 446 1617 »nec
477 1574 689 1617 invocavit
718 1574 954 1623 hominem,
989 1574 1062 1631 qui
1080 1574 1357 1626 subveniret:
1383 1582 1426 1616 et
1447 1573 1527 1623 vir,
1551 1572 1703 1630 inquit,

339 1662 355 1684 ι,
369 1644 464 1702 quia
485 1644 723 1687 humiliavit
737 1644 961 1686 mulierem
978 1644 1158 1702 proximi
1173 1643 1277 1687 sui³.
1291 1662 1307 1684 »
1320 1643 1374 1686 Et
1389 1643 1459 1687 hic
1477 1644 1628 1686 eadem
1644 1650 1707 1685 est

337 1715 465 1772 hujus
487 1730 612 1758 causa
635 1715 864 1764 sermonis,
887 1724 936 1757 ut
958 1730 980 1757 a
1004 1724 1255 1774 corruptore
1277 1715 1497 1758 humiliata
1521 1714 1700 1757 dicatur.

338 1786 529 1829 Tertium
551 1801 720 1844 quoque
742 1785 873 1829 habes
896 1787 947 1828 de
968 1786 1049 1829 hac
1066 1801 1112 1829 re
1128 1786 1436 1835 testimonium,
1455 1794 1498 1828 et
1513 1786 1651 1845 plura,
1673 1783 1706 1826 si

338 1872 453 1915 quael
457 1872 512 1900 as
550 1857 711 1900 Tamen
742 1856 795 1899 de
820 1857 972 1899 eodem
1002 1857 1113 1900 libro
1141 1856 1261 1899 audi:
1279 1856 1356 1900 «Si
1387 1856 1480 1913 quis
1494 1847 1708 1898 invenerit

339 1927 588 1984 »virginem,
612 1942 706 1984 quae
727 1942 813 1969 non
834 1927 884 1969 sit
909 1928 1175 1984 desponsata,
1202 1935 1244 1970 et
1265 1927 1350 1970 vim
1371 1926 1529 1970 faciens
1546 1926 1585 1968 ei
1605 1927 1708 1968 dor-

338 1997 507 2040 »mierit
540 2012 639 2039 cum
671 2012 735 2047 ea,
768 2006 812 2040 et
844 1997 1041 2040 inventus
1069 1998 1220 2047 suerit,
1250 1998 1366 2040 dabit
1393 1996 1464 2055 qui
1486 1995 1708 2040 dormierit

340 2085 356 2107 »
371 2081 469 2110 cum
489 2082 558 2117 ea,
582 2068 690 2126 patri
719 2068 955 2124 juvenculae
977 2069 1282 2127 quinquaginta
1305 2068 1500 2112 denarios
1511 2062 1527 2118 ,⁷
1555 2075 1598 2110 et
1627 2065 1708 2109 erit

340 2155 356 2178 ι
373 2152 476 2179 uxor
501 2137 617 2194 ejus,
651 2137 749 2195 quia
778 2137 1019 2182 humiliavit
1044 2154 1138 2182 eam
1159 2155 1168 2182 :
1198 2155 1277 2182 ncc
1307 2139 1463 2198 poterit
1493 2137 1707 2182 dimittere

339 2224 461 2251 »eam
481 2225 558 2267 per
578 2225 704 2252 omne
726 2219 910 2268 tempus,
933 2219 1108 2269 propter
1124 2213 1239 2268 quod
1262 2210 1501 2254 humiliavit
1522 2208 1655 2252 eam‘.
1678 2226 1695 2249 ι

339 2278 434 2336 Ipse
462 2294 599 2322 sermo
629 2279 832 2337 repetitus
862 2289 949 2330 est,
981 2290 1030 2323 ut
1060 2282 1267 2340 intelligas
1288 2282 1385 2340 quia
1407 2296 1495 2324 non
1516 2279 1707 2324 conditio

341 2349 479 2391 carnis
495 2349 688 2392 videatur
703 2365 778 2392 nos
796 2351 1036 2401 humiliare,
1053 2353 1127 2394 sed
1143 2353 1210 2394 cul
1215 2368 1281 2410 pa.

398 2417 610 2463 LXXVII.
649 2419 736 2463 Nec
753 2428 896 2465 tamen
914 2437 1068 2480 negare
1085 2437 1309 2481 possumus
1327 2423 1443 2480 quod
1459 2421 1603 2465 multis
1621 2420 1707 2463 hu-

343 2488 530 2532 milietur
545 2497 587 2532 et
602 2504 716 2540 cat-0,
736 2492 832 2534 loco
849 2491 955 2550 ipso,
981 2492 1192 2535 illecebris
1215 2492 1330 2551 ipsis,
1352 2492 1578 2551 fragilitate
1597 2506 1705 2550 quo-

390 2598 400 2613 ι
433 2579 515 2613 Psal.
542 2591 646 2619 xuni,
676 2590 727 2615 ao.
753 2599 793 2608 --
818 2592 831 2608 ⁵
864 2583 964 2618 Deut.
987 2594 1065 2625 xxi,
1091 2583 1196 2623 ιοηά.
1223 2600 1262 2610 -
1282 2583 1370 2617 ³1d.
1397 2593 1479 2621 xxn.
1505 2582 1567 2624 23,
1591 2582 1644 2622 ²4·
1664 2599 1706 2608 --

345 2631 460 2668 ⁴1bid.
478 2634 531 2675 28,
548 2645 600 2681 29·
