1794 3256
306 246 391 292 216
849 255 882 284 s.
923 252 1116 284 Aunuosn

302 338 418 397 quod
439 335 581 380 delicti
603 334 788 393 pretium
820 332 1016 392 supplicii
1047 331 1330 389 retributione
1349 333 1547 377 solvetur.
1576 332 1673 392 Ipse

300 408 413 451 enim
428 407 510 451 hoc
531 406 573 448 in
596 404 869 462 nonagesimo
885 403 1187 461 interpretatus
1210 412 1275 447 est
1293 403 1476 453 Psalmo.
1495 403 1668 461 dicens:

313 495 328 517 α
350 479 444 521 Non
466 475 635 520 timebis
653 490 676 516 a
698 474 851 516 timore
872 482 1088 516 nocturno
1105 506 1115 523 ,
1134 481 1176 516 et
1200 489 1220 516 a
1243 474 1389 533 sagitta
1414 475 1580 518 volante
1596 489 1674 534 per

300 566 318 589 π
333 550 442 592 diem
457 581 468 598 ,
487 563 508 590 a
531 546 700 604 negotio
714 546 1040 604 perambulante
1058 545 1099 588 in
1118 545 1327 595 tenebris,
1351 546 1403 589 ab
1426 560 1608 589 occursu
1620 553 1674 606 ‚et

300 637 317 662 n
332 614 543 662 daemonio
565 608 811 660 meridiano.
839 614 1002 659 Cadent
1025 631 1047 658 a
1069 617 1201 659 latere
1211 624 1285 659 tuo
1301 617 1439 666 mille,
1458 625 1502 660 et
1523 617 1673 661 decem

301 688 461 731 »millia
488 703 510 730 a
541 687 697 730 dextris
727 686 811 729 tuis
843 703 853 728 ε
882 685 934 728 ad
960 693 999 728 te
1027 695 1168 730 autem
1191 701 1276 729 non
1300 681 1674 746 appropinquabit.

303 759 634 802 »Verumtamen
659 757 792 800 oculis
818 757 900 800 tuis
931 757 1245 806 considerabis,
1279 765 1322 800 et
1349 756 1679 814 retributionem

304 839 608 888 »peecatorum
633 828 795 872 videbis
817 827 848 870 ⁵.
877 846 893 867 »
912 827 1059 870 Justus
1087 827 1200 870 enim
1230 842 1329 870 cum
1351 828 1540 890 loquitur
1566 826 1676 886 judi—

305 901 419 942 cium
448 899 552 948 Dei,
575 901 643 942 vel
666 914 764 942 cum
796 898 985 956 loquitur
1013 898 1099 956 ipse
1128 913 1219 955 quae
1242 897 1353 956 justa
1379 904 1502 947 sunt,
1526 905 1568 940 et
1586 896 1674 951 veri

303 971 430 1029 plena
452 970 624 1027 judicii,
652 984 737 1012 non
767 985 866 1012 cum
894 969 1111 1012 iracundia
1132 967 1337 1026 loquitur,
1362 979 1454 1016 ,non
1475 983 1525 1011 ex
1547 968 1677 1012 animi

305 1042 525 1098 moerentis
553 1041 802 1089 afflictione,
827 1055 913 1083 nen
942 1055 994 1082 ex
1030 1041 1199 1090 dolore,
1229 1055 1314 1083 non
1339 1054 1389 1083 ex
1418 1025 1554 1097 aliona
1579 1055 1680 1098 pas-v

308 1111 452 1155 sione:
483 1112 558 1154 sed
583 1111 770 1169 loquitur
793 1126 844 1154 ex
865 1110 1061 1160 veritate,
1098 1110 1287 1168 loquitur
1312 1126 1363 1152 ex
1384 1110 1608 1168 oequitate;
1630 1117 1679 1169 ut

307 1199 392 1226 non
418 1183 659 1242 'propendat
689 1182 871 1232 affectu,
907 1184 981 1225 sed
1019 1198 1112 1239 quae
1148 1182 1357 1240 loquitur,
1392 1197 1491 1226 vero
1523 1181 1681 1242 pendat

307 1255 524 1304 examine3
555 1254 719 1312 judicat
750 1255 863 1297 enim
894 1269 987 1311 quae
1015 1253 1196 1296 dicenda
1225 1253 1332 1301 sint,
1368 1253 1434 1296 vel
1463 1267 1550 1295 non
1579 1267 1678 1312 pro-

308 1326 476 1369 menda.
512 1326 591 1368 Cui
621 1325 757 1368 simile
784 1334 847 1368 est
877 1325 981 1367 illud
1008 1340 1050 1366 z«
1071 1323 1199 1366 Labia
1229 1323 1483 1382 sapientium
1512 1323 1681 1382 alligata

243 1446 245 1448 q
310 1414 324 1436 n
340 1406 438 1439 sunt
448 1411 573 1438 sensu
586 1395 600 1417 ²
619 1413 629 1444 ;
647 1403 663 1435 n
677 1411 727 1438 eo
745 1395 859 1452 quod
874 1394 1033 1443 omnia,
1046 1409 1139 1451 quae
1155 1396 1406 1452 loquuntur,
1421 1384 1520 1438 vero
1539 1393 1685 1437 sensui·

312 1467 539 1510 convenire
571 1467 809 1514 videantur,
841 1473 883 1508 et
907 1480 1052 1507 sensus
1079 1465 1142 1507 sui
1164 1465 1388 1523 prudentia
1410 1465 1648 1523 intelligant
1667 1496 1686 1512 ,

313 1554 405 1596 quae
424 1537 537 1595 loqui
556 1537 738 1579 debeant
755 1537 821 1578 vel
845 1544 987 1578 tacere
1001 1552 1013 1584 ;
1039 1544 1085 1578 ut
1115 1550 1208 1593 <1¹¹ae
1231 1536 1390 1579 silenda
1417 1543 1540 1585 sunt,
1560 1533 1684 1580 cohi-

309 1610 440 1651 beant
470 1610 653 1650 claustro
682 1609 864 1664 quodam
893 1621 1089 1664 nexuque
1120 1607 1330 1650 labiorum
1362 1622 1371 1649 :
1398 1600 1512 1650 iniis
1539 1613 1682 1649 antem

313 1694 405 1737 quae
422 1686 615 1736 oporteat
642 1677 748 1727 dici,
784 1677 996 1720 labiorum
1025 1677 1192 1720 vincula
1219 1682 1495 1721 resolvantur.
1531 1676 1687 1721 Merito

312 1764 412 1808 ergo
434 1748 634 1807 praemisit
659 1764 702 1791 ει(
725 1748 784 1791 Os
804 1747 905 1805 justi
930 1747 1207 1790 meditabitur
1223 1748 1492 1806 sapientia1n3
1515 1746 1683 1791 »medi-

313 1822 414 1864 tatio
435 1821 549 1863 enim
569 1819 764 1862 diuturna
778 1821 951 1877 plenum
969 1817 1293 1878 poterithabere
1310 1818 1521 1879 judicium
1537 1850 1548 1867 ,
1567 1809 1688 1876 qu'od,

310 1894 510 1950 loquetur
533 1890 668 1948 justus
695 1890 736 1932 in
770 1896 984 1947 tempore3
1019 1904 1117 1931 eum
1151 1905 1198 1931 ea
1221 1904 1319 1946 ,qum
1343 1889 1681 1950 persectasunt,
1732 1892 1734 1894 ’

313 1962 420 2005 facie
457 1963 509 2005 ad
534 1961 682 2004 faciem
703 1960 869 2004 viderit.
905 1960 1026 2020 Nune
1050 1959 1161 2002 enim
1188 1961 1241 2003 de
1263 1959 1312 2002 iis
1336 1975 1428 2018 quae
1453 1967 1539 2004 non
1563 1973 1692 2004 com-z

313 2031 635 2090 prehendimus,
648 2031 762 2088 loqui
782 2046 876 2073 vera
898 2046 982 2073 non
1005 2045 1241 2088 possumus.
1263 2030 1456 2088 Denique
1473 2043 1553 2072 nec
1571 2028 1684 2079 Pau-

313 2104 378 2146 lus
414 2102 682 2161 praesumpsit
713 2102 880 2152 dicere,
915 2101 985 2160 qui
1013 2110 1155 2160 raptus
1179 2101 1222 2144 in
1251 2101 1491 2160 paradisum
1523 2098 1683 2157 audivit

313 2172 473 2217 secreta
497 2174 683 2216 coelestia
703 2189 713 2216 τ
735 2175 809 2216 sed
828 2175 968 2216 volens
987 2189 1071 2216 non
1095 2173 1136 2215 in
1156 2173 1203 2215 iis
1224 2188 1366 2230 errare
1383 2167 1476 2230 quae
1495 2171 1690 2234 diceret„

312 2245 369 2287 ait
392 2246 435 2287 :a
459 2245 599 2298 Quam
629 2244 916 2288 inscrutabilia
942 2252 1041 2287 sunt
1066 2244 1224 2301 judicia
1259 2243 1361 2292 Dei,
1393 2251 1436 2286 et
1462 2242 1683 2300 investiga-

310 2333 327 2356 υ
341 2315 538 2369 biles-'viae
559 2315 675 2371 ejus⁵
694 2317 703 2357 l
725 2335 740 2355 n
754 2315 877 2359 Nune
895 2309 1036 2358 autem
1053 2315 1270 2358 absolutus
1283 2329 1462 2373 corpore
1477 2346 1489 2364 ‚
1510 2313 1685 2357 forsitan

309 2385 664 2443 investigabilium
686 2385 849 2428 viarum
881 2401 1034 2444 genera
1050 2418 1063 2436 ‚
1089 2393 1131 2428 et
1151 2384 1310 2443 judicia
1339 2382 1432 2443 ejus
1453 2398 1548 2442 quae
1573 2382 1695 2437 sicut,

312 2454 486 2514 abyssus
504 2457 634 2499 multa
657 2464 785 2506 sunt,
811 2455 1149 2515 comprehendit.
1491 2441 1494 2450 ¹

366 2526 521 2570 LXIX.
555 2527 708 2570 Adhuc
739 2526 910 2584 justitiae
944 2527 1077 2570 forma
1115 2526 1370 2570 describitur
1396 2534 1440 2568 et
1470 2531 1648 2585 augetur
1666 2557 1687 2575 ,,

367 2627 377 2643 ¹
407 2618 488 2653 Psol.
512 2629 576 2657 xc,
597 2618 660 2650 5-8.
686 2636 723 2643 -—
750 2629 761 2643 ¹
791 2619 889 2652 Prov.
915 2630 968 2659 xv,
999 2629 1048 2662 ¹7.
1071 2637 1110 2644 --
1144 2622 1157 2643 ³
1186 2618 1283 2652 Rom.
1313 2629 1364 2657 n,
1391 2602 1443 2648 33.
1508 2652 1512 2655 ,
