1774 3268
331 313 363 365 4
885 319 918 350 s.
955 321 1150 350 sunnosu

332 402 522 463 potiendi
554 401 647 459 ejus
684 397 912 457 sumpsisse
947 397 1202 441 affectum·¹.
1237 398 1339 442 Erat
1369 407 1516 444 autem
1546 402 1711 447 mulier

332 476 423 519 viro
444 481 592 531 nupta,
612 470 721 514 Uriae
739 484 895 512 nome-n
917 469 1088 519 marito,
1113 468 1182 512 cui
1204 470 1415 513 mandatis
1435 471 1559 532 regiis
1579 488 1702 532 com-

330 544 466 604 posita
490 551 553 586 est
579 555 705 584 scena
735 539 865 582 necis.
897 538 1004 582 Nam
1033 538 1112 582 etsi
1132 539 1240 582 nihil
1265 541 1318 582 ad
1348 540 1701 600 impedimentum

332 613 589 674 cupiditatis,
611 610 843 670 plurimum
868 617 1007 652 tamen
1025 611 1078 652 ad
1100 610 1400 653 verecundiam
1417 610 1612 656 adulterii
1629 612 1704 656 ob·

331 693 441 730 stare
461 684 542 727 vita
564 682 656 740 ejus
677 681 979 725 aestimabatur.

387 757 460 799 111.
498 757 645 812 Itaque
668 762 716 796 ut
749 769 769 796 a
799 752 1060 811 planioribus
1094 753 1396 804 exordiamur,
1429 769 1557 811 quem
1586 754 1703 798 Deus

329 825 590 886 justificavit,
613 831 730 867 netu
753 823 978 880 dijudices.
1013 840 1029 862 α
1043 822 1124 865 Pro
1142 823 1320 866 minimo
1342 824 1446 867 mihi
1462 831 1543 874 est,
1564 816 1709 882 inquii*

328 895 529 944 »Paulus,
548 902 635 937 uta
652 892 771 936 vobis
794 891 1023 949 dijudicer,
1045 901 1117 935 aut
1133 893 1186 936 ab
1210 893 1399 938 humano
1417 895 1486 938 die
1504 910 1514 937 ε
1540 896 1615 937 sed
1631 909 1704 937 ne-

330 983 348 1006 »
362 981 443 1023 que
461 964 681 1023 meipsum
705 961 933 1020 dijudico².
957 981 972 1003 >³
987 963 1039 1005 Et
1056 963 1196 1006 adhue
1213 964 1363 1007 eratin
1381 962 1560 1023 c'orpore
1578 964 1707 1014 situs,

333 1037 471 1080 adhuc
497 1034 717 1079 tentationi
736 1034 944 1078 obnoxius
969 1050 979 1075 ε
1010 1036 1084 1076 sed
1111 1034 1206 1077 ideo
1230 1050 1274 1079 se
1296 1051 1383 1078 non
1410 1035 1707 1093 dijudicabat,

331 1108 431 1166 quia
450 1105 644 1165 spiritalis
667 1121 689 1148 a
711 1104 880 1148 nemine
898 1104 1172 1162 dijudicatur,
1195 1105 1275 1147 nisi
1294 1121 1316 1147 a
1343 1106 1432 1147 solo
1454 1105 1557 1148 Deo.
1579 1104 1708 1148 Deni-

332 1195 414 1237 que
444 1178 629 1221 subdidit
656 1192 666 1220 ε
703 1194 719 1216 α
749 1177 834 1230 Qui
866 1176 1073 1234 dijudicat
1101 1192 1170 1219 me
1199 1176 1407 1219 Dominus
1438 1185 1514 1219 est.
1555 1177 1711 1234 Itaque
1751 1190 1756 1195 ·

333 1250 493 1293 »nolite
513 1257 607 1292 ante
629 1256 796 1307 tempus
817 1247 921 1306 quid
942 1246 1172 1306 judicare⁵.
1196 1265 1212 1287 ι
1227 1246 1310 1290 Sed
1329 1247 1465 1290 David
1482 1247 1566 1305 jam
1592 1255 1706 1299 tem-

332 1336 411 1381 pus
434 1319 642 1378 implevit,
671 1326 714 1362 et
735 1318 912 1377 gratiam
940 1318 1120 1367 meruit,
1144 1326 1186 1361 et
1210 1316 1466 1375 justificatus
1488 1332 1510 1360 a
1534 1316 1703 1361 Christo

335 1400 423 1442 θεῖς
442 1389 785 1449 quandoquidem
802 1389 938 1432 David
958 1405 1003 1432 se
1024 1389 1107 1432 dici
1126 1388 1262 1432 filium
1286 1389 1374 1448 ipse
1390 1390 1599 1433 Dominus
1615 1391 1707 1448 gra-

334 1462 575 1511 tulabatur,
596 1469 641 1503 et
663 1460 736 1518 qui
763 1475 863 1503 oum
887 1459 945 1503 ita
968 1459 1308 1512 confitebantur,
1334 1460 1700 1517 illuminabantur.

335 1532 423 1576 Cur
442 1531 660 1574 hominem
682 1529 760 1574 Dei
783 1546 803 1573 a
825 1531 1000 1589 praemio
1019 1530 1061 1572 in
1078 1531 1285 1588 judicium
1308 1546 1432 1575 vocas
1451 1531 1470 1573 Ρ
1489 1531 1708 1574 Judicavit

334 1602 421 1660 jam
438 1603 490 1644 de
511 1617 561 1644 eo
577 1600 800 1651 Dominus,
823 1602 875 1645 de
893 1616 977 1659 quo
997 1601 1101 1644 dixit
1118 1602 1171 1644 ad
1189 1601 1464 1646 Salomonem
1483 1618 1493 1646 :
1529 1620 1545 1643 α
1563 1601 1607 1645 Si
1623 1617 1710 1646 am·
1767 1601 1769 1603 ’

336 1673 573 1717 »bulaveris
596 1672 639 1716 in
661 1681 893 1731 conspectu
910 1688 1022 1721 meo,
1047 1672 1157 1715 sicut
1179 1673 1410 1725 ambulavit
1428 1671 1565 1715 David
1585 1681 1714 1730 patet*

336 1751 465 1787 »tuus
482 1743 524 1785 in
547 1743 769 1787 sanctitate
789 1743 929 1785 cordis
951 1751 994 1785 et
1008 1742 1194 1800 justitia,
1214 1743 1267 1786 ad
1289 1742 1372 1786 hoc
1389 1751 1437 1786 ut
1457 1742 1618 1789 faceret
1630 1759 1708 1788 >se-

337 1815 558 1857 ocundum
589 1813 729 1856 omnia
760 1828 853 1871 quae
883 1813 1080 1856 mandavi
1113 1813 1152 1856 ei
1180 1811 1212 1856 ⁴.
1248 1830 1265 1853 »
1297 1812 1378 1857 Hic
1411 1824 1513 1872 ergo
1543 1813 1716 1872 judicsoe

339 1884 490 1943 dignus
507 1899 559 1927 an
580 1883 754 1943 praemio
777 1891 854 1934 est,
873 1883 945 1941 qui
962 1882 1063 1926 fecit
1084 1884 1322 1927 secundum
1344 1884 1484 1933 omnia
1506 1875 1714 1928 mandata

338 1955 547 2004 coelestia,
575 1955 795 1997 ambulans
821 1954 864 1997 in
895 1954 1117 1997 sanctitate
1149 1962 1192 1997 et
1225 1954 1386 2012 justitia
1416 1954 1596 1997 cordis?
1624 1954 1714 1999 Ubf

338 2025 518 2069 aliorum
537 2024 636 2067 vitia
660 2032 703 2067 et
724 2032 897 2083 peccata
924 2024 1202 2075 delitescunt,
1231 2025 1288 2067 ibi
1322 2025 1457 2069 David
1478 2024 1644 2072 virtuti's
1663 2032 1713 2080 et·

338 2095 480 2154 gloriae
502 2110 586 2137 suoe
612 2094 801 2138 divinum
823 2096 985 2154 accepit
1006 2095 1308 2139 testimonium.
1335 2095 1389 2138 Et
1410 2095 1463 2139 de
1483 2095 1575 2154 ejus
1603 2083 1719 2160 pec-L

338 2172 433 2208 cato
452 2164 712 2223 disputamus
736 2166 874 2217 otiosi,
898 2182 974 2225 pro
998 2166 1122 2224 cujus
1144 2166 1296 2209 merito
1313 2173 1355 2208 et
1377 2165 1509 2224 gratia
1526 2163 1718 2208 aliorum*

336 2243 513 2293 peccata
530 2237 712 2280 revelata
729 2244 837 2279 sunt.
855 2237 960 2280 Nam
980 2252 1076 2280 cum
1092 2225 1337 2280 offendisset
1351 2235 1569 2286 Salomon,
1590 2235 1708 2294 quod

336 2317 424 2348 non
449 2306 699 2349 custodisset
723 2309 921 2350 mandata
948 2307 1146 2358 Domini,
1171 2315 1212 2351 et
1235 2322 1410 2366 regnum
1445 2307 1537 2365 ejus
1563 2295 1721 2366 dispo—'

294 2392 297 2393 ⁷
336 2375 489 2418 suisset
508 2376 621 2419 Dcus
634 2376 826 2419 scindere
843 2377 885 2419 in
901 2378 1104 2436 plurimas
1122 2387 1277 2438 partes,
1304 2378 1361 2422 ait
1376 2379 1430 2421 ad
1446 2393 1570 2421 eum:
1596 2395 1613 2417 α
1628 2364 1716 2421 νὀέ

333 2455 605 2490 »rumtameu
628 2447 671 2490 in
694 2448 844 2501 diebus
865 2449 947 2491 tuis
974 2465 1063 2494 non
1083 2450 1235 2493 faciam
1260 2450 1346 2493 hoc-
1376 2457 1550 2509 propter
1568 2440 1722 2503 Davi&⁴

334 2525 531 2575 »patrem
554 2525 686 2561 tuum.
716 2517 779 2562 De
799 2534 930 2561 manu
952 2518 1027 2563 filii
1055 2519 1116 2563 tui
1147 2520 1352 2579 accipiam
1378 2521 1497 2564 illud.
1522 2517 1722 2582 Verum-²

380 2627 390 2642 ¹
412 2631 429 2652 2
446 2619 531 2665 neg.
549 2632 594 2662 xi,
617 2633 646 2662 α,
665 2626 696 2655 et
712 2631 802 2666 seqq.
824 2604 862 2648 έ-
878 2631 892 2647 ·
912 2633 924 2657 ε
944 2623 1026 2657 Cor.
1046 2634 1089 2662 ιτ,
1107 2625 1140 2657 ὅ.
1170 2642 1210 2651 -
1236 2626 1250 2649 2
1273 2623 1411 2666 mid-4,
1437 2624 1468 2658 5,
1493 2640 1534 2649 -
1561 2623 1574 2651 ⁴
1591 2622 1610 2655 3
1625 2621 1707 2666 neg.

355 2680 396 2710 ι,
418 2673 456 2714 εἰ.
