1794 3256
304 318 389 380 492
820 333 1160 363 Anno'ramonssae

971 434 1015 460 s

665 486 912 519 ANNo'rA'rzo
947 474 1040 530 (ει)
1077 488 1173 533 pag.
1215 473 1311 518 151.

358 607 551 657 Natalem
586 606 701 651 diem
735 607 961 665 quotannis
999 621 1167 652 summa
1207 601 1421 655 hilaritate
1454 609 1676 663 celebrare·

302 678 404 723 olim
434 678 548 738 apud
569 679 727 722 multos
747 677 960 737 populos
949 693 992 722 in
1013 694 1132 722 more
1150 678 1262 722 fuit:
1283 680 1362 724 sed
1382 679 1504 729 illum
1524 679 1678 738 praeci-

303 766 388 810 pue
412 764 611 817 proceres
646 764 695 793 ac
721 765 840 809 reges
873 765 950 809 per
977 752 1123 809 epulas
1160 758 1203 793 et
1235 749 1426 794 convivia
1455 750 1678 810 splendida

308 821 533 880 agitabant
575 820 770 885 Hujusce
804 829 1059 866 vetustatem
1097 821 1417 867 consuetudinis
1450 821 1680 870 declaravit

304 891 470 951 Moyses
489 891 597 937 Gen.
617 907 710 951 cap.
726 907 780 936 lv.
804 908 872 937 20.
894 892 1409 953 ubinatalitiumepulum
1428 892 1680 943 aPharaone

304 964 542 1008 exhibitum
563 964 832 1008 memoravit.
866 964 996 1018 Quod
1017 973 1161 1009 tamen
1178 965 1441 1016 convivium,
1454 980 1543 1009 non
1558 978 1681 1008 secus

308 1037 357 1078 ac
383 1034 676 1078 Herodianum
707 1035 832 1095 Hugo
855 1035 976 1080 Grot.
1013 1036 1068 1079 ad
1087 1036 1495 1094 utrumquelocum
1510 1035 1684 1086 mavult

308 1105 376 1148 die
399 1104 603 1164 auspicati
625 1106 769 1165 regni,
797 1121 927 1164 quam
944 1107 1057 1150 initae
1080 1107 1175 1151 vitae
1197 1107 1489 1166 celebratum.
1504 1106 1555 1150 In
1571 1121 1685 1158 conr

310 1175 427 1219 viviis
447 1184 589 1220 autem
602 1176 746 1220 solitos
764 1177 958 1220 adhiberi
976 1177 1222 1222 saltantium
1239 1178 1394 1222 choros
1406 1192 1475 1225 res
1491 1184 1556 1221 est
1570 1187 1686 1226 com-

309 1248 511 1299 munior,
550 1263 681 1306 quam
726 1257 775 1291 ut
805 1249 959 1293 debeat
989 1250 1183 1292 annotari
1214 1265 1225 1292 :
1257 1251 1341 1298 sed*
1365 1249 1472 1302 illud
1504 1264 1591 1300 non
1627 1248 1687 1298 ita·

310 1320 484 1364 obvium
504 1321 621 1378 quod
642 1319 896 1381 Ambrosius
911 1329 1123 1364 memorat
1140 1323 1390 1365 adornatam
1405 1320 1538 1371 fuisse.
1548 1320 1686 1366 Horo-

312 1389 445 1434 diadis
467 1388 598 1434 filiam
613 1422 625 1440 ,
650 1399 699 1433 ut
718 1391 886 1450 pignus
912 1391 1060 1451 regale
1081 1392 1279 1435 saltaret.
1315 1392 1424 1436 Nam
1442 1390 1554 1441 .etsi,·
1579 1397 1687 1433 teste

313 1461 502 1506 Luciano
525 1461 578 1504 de
591 1460 854 1515 saltatione,
873 1477 960 1514 non
971 1462 1103 1506 fuerit
1118 1466 1301 1518 ἐναγώνιος
1317 1466 1524 1518 ἡὸρχησις,
1544 1468 1688 1505 tamen

314 1533 385 1576 hic
411 1532 579 1577 videtur
605 1531 834 1591 significari
861 1533 1085 1592 praemium
1121 1531 1302 1591 proponi
1333 1531 1505 1575 solitum
1535 1529 1688 1591 puellis

316 1603 594 1650 saltantibus
583 1619 626 1646 1n
643 1604 862 1654 conviviis,
882 1604 984 1648 lieet
1000 1603 1109 1647 sorte
1129 1618 1216 1646 non
1243 1617 1411 1661 semper
1427 1601 1688 1668 determina—

318 1684 433 1725 tum3
457 1683 506 1719 ut
527 1690 621 1734 quae
644 1675 750 1719 illud
766 1684 876 1719 esset
897 1675 1154 1756 promerita,
1176 1674 1315 1733 majus
1329 1675 1398 1718 vel
1410 1666 1565 1722 minus
1575 1671 1689 1725 acci-

317 1754 461 1806 peret,
490 1761 575 1804 quo
607 1746 740 1805 magis
770 1747 837 1790 vel
863 1746 1004 1790 minus
1034 1746 1274 1806 placuisset.
1310 1745 1386 1788 Est
1413 1751 1561 1797 autem
1575 1744 1688 1789 idem

319 1817 481 1860 saltare
496 1817 665 1876 pignus
687 1818 835 1876 regale
849 1850 860 1870 ,
884 1832 932 1860 ac
959 1818 1110 1861 saltare
1132 1815 1406 1870 saltationem
1418 1814 1604 1874 pignoris
1626 1829 1690 1856 re·⁴

318 1888 437 1947 galis,
456 1889 817 1946 quemadmodum
835 1888 947 1947 apud
968 1889 1191 1932 Horatium
1207 1887 1371 1931 saltare
1388 1886 1583 1946 cyclope,
1601 1898 1692 1934 non

323 1959 438 2004 aliud
453 1967 516 2004 est
536 1975 684 2019 quam,
712 1961 864 2021 saltare
880 1959 1148 2003 saltationem
1166 1958 1382 2017 Cyclopis.

684 2124 929 2153 ΑΝΝοΤΑΤιο
966 2108 1057 2167 (22)
1093 2123 1187 2168 pag.
1232 2106 1326 2150 181.

379 2258 571 2315 Pugnam
602 2255 793 2314 designat
815 2256 1016 2299 adversus
1049 2263 1279 2314 tyrannum
1300 2251 1542 2312 Eugenium
1567 2256 1693 2311 atque

327 2327 606 2386 Arbogastem
625 2342 646 2370 a
665 2326 903 2370 Theodosio
926 2341 1080 2385 magno
1103 2323 1388 2374 commissam,
1412 2337 1495 2381 qua
1522 2321 1628 2365 nihil
1649 2322 1692 2365 in

329 2399 446 2443 omni
470 2398 720 2457 antiquitate
743 2397 876 2456 magis
899 2398 1184 2441 decantatum.
1219 2395 1283 2438 De
1309 2393 1398 2453 ipsa
1418 2391 1693 2451 scripsit.non

331 2471 468 2513 solum
499 2467 759 2527 Augustinus
781 2467 853 2511 lib.
891 2483 927 2511 v.
964 2469 1017 2511 (le
1046 2467 1133 2510 Civ.
1161 2465 1240 2510 Dei
1261 2480 1352 2523 cap.
1383 2478 1492 2507 xxvl.
1520 2470 1563 2505 et
1589 2461 1695 2505 Oro-

331 2541 416 2584 sius
450 2540 546 2583 hist.
583 2540 655 2583 lib.
701 2555 773 2582 vn.
811 2555 904 2598 cap.
944 2555 1063 2583 xxxv.
1109 2539 1185 2582 sed
1211 2537 1339 2580 etiam
1366 2534 1533 2595 gentilis
1561 2536 1692 2592 poeta

332 2610 590 2655 Claudianus
621 2611 664 2654 in
693 2611 952 2670 panegyrico
986 2611 1038 2654 de
1073 2610 1197 2656 tertio
1229 2606 1404 2653 Honorii
1431 2605 1690 2652 consulatu;

332 2681 454 2742 cujus
471 2685 606 2742 poe'tae
627 2681 668 2725 hi
687 2684 771 2725 duo
794 2697 938 2728 versus
963 2697 971 2725 :
