1794 3256
517 255 745 286 nomeu„
755 254 884 287 mvn
915 253 962 284 u.
1372 241 1430 288 8}

62 339 217 391 moris
244 335 468 397 impatiens
504 334 655 393 quoerit
688 332 1000 379 adminiculum
1027 330 1241 390 alicujus,
1283 347 1308 376 a
1321 332 1326 338 '
1341 345 1429 391 quo

65 410 258 458 Christus
274 415 451 468 ‘rogetur
469 414 519 449 ut
541 405 694 450 veniat.
722 403 876 451 Videte
886 410 1170 452 «estuantem,
1194 401 1336 447 videte
1351 404 1432 446 de·-

63 483 334 531 dderantem.
358 477 494 532 «Quis
510 476 649 526 dabit,
672 475 837 533 inquit,
860 483 931 527 te,
952 474 1085 520 frater
1098 488 1241 525 meus,
1263 475 1432 518 lactan-

63 561 183 601 »tem
204 552 336 597 ubera
355 547 502 594 matris
516 545 646 591 meae¹
660 545 679 589 ἱ)
695 564 712 586 »
724 546 778 589 Et
797 559 880 604 qua
901 544 1068 588 ratione
1076 551 1264 602 quoerat,
1289 552 1433 603 etqua

65 623 200 684 gratia
228 622 401 671 invitet,
428 629 471 664 et
491 617 856 677 quemadmodum
881 615 1013 674 possit
1033 622 1207 666 tenere,
1232 617 1437 660 demons-

63 702 174 747 grat:
198 691 562 752 quemadmodum
581 688 951 738 formmorantem
975 695 1193 746 expectet,
1218 687 1432 731 ostendit·

40 775 46 782 “
66 773 112 811 et
133 772 184 811 ut
201 765 378 809 domum
404 776 523 805 suam
545 746 830 818 ingrediatur,
859 757 1062 817 implorat
1081 757 1256 801 dicens:
1273 775 1291 797 α
1312 759 1439 801 Inve-

68 846 224 901 ,uniens
246 841 291 879 te
310 831 412 876 soris
433 830 661 878 osculaImr
677 837 741 879 te,
771 835 983 873 assumam
1009 835 1074 880 te,
1102 835 1147 871 et
1167 826 1378 871 adducam
1394 836 1438 872 te

68 904 149 955 ,in
165 905 342 950 domum
362 901 508 946 matris
529 915 655 951 meae,
674 907 717 944 et
733 899 777 942 in
787 907 1001 943 secretum
1016 897 1110 955 ejus
1125 912 1220 956 quae
1241 898 1440 956 concepit

67 974 210 1023 nne&
231 993 249 1016 ι
274 974 402 1020 Vides
437 972 799 1032 quemadmodum
827 971 943 1014 nuda
971 970 1047 1019 sit,
1071 984 1165 1027 quae
1185 983 1274 1012 non
1300 977 1440 1027 potest

70 1055 235 1092 tectum
246 1045 405 1089 habere
419 1051 631 1088 secretum
647 1043 909 1085 intemeratae
931 1041 1079 1099 utique
1095 1047 1280 1089 naturae,
1304 1054 1442 1083 secre-

68 1124 164 1161 tum
181 1117 339 1166 intima>
354 1114 625 1161 conscientiae
635 1145 647 1163 ,
662 1128 749 1156 nou
765 1112 1035 1170 designatum
1047 1110 1186 1168 aliqua
1203 1109 1444 1153 temeritate

71 1189 284 1235 vitiorum.
310 1189 469 1232 Hortus
485 1187 601 1230 enim
619 1186 788 1229 clausus
813 1192 878 1227 est
894 1174 1088 1228 Ecclesia
1109 1191 1281 1232 sancta,
1302 1190 1346 1225 et
1365 1181 1444 1225 im-

67 1261 287 1305 maculata
306 1257 521 1317 virginitas
533 1273 545 1306 ;
569 1271 664 1314 quae
695 1255 792 1298 ideo
830 1254 942 1298 hanc
976 1253 1156 1312 gratiam
1190 1260 1380 1296 meretur
1422 1266 1447 1295 a

67 1329 265 1390 Christo.
278 1328 384 1387 ,quia
403 1326 594 1376 Verbum
614 1326 693 1369 Dci
709 1325 936 1383 quaesivit,
959 1324 1233 1374 desideravit,
1263 1323 1445 1372 invenit,

71 1401 302 1460 advigilans
323 1407 421 1455 ante
452 1399 559 1442 ostia
593 1397 832 1456 sapientiae,
857 1396 969 1440 sicut
996 1396 1084 1455 ipsa
1111 1395 1238 1439 dicit:
1256 1395 1445 1438 «Beatus

71 1471 169 1516 »vir
195 1471 270 1529 qui
287 1469 481 1514 *audierit
502 1484 596 1519 me,
621 1475 664 1511 et
678 1467 811 1511 homo
835 1467 910 1525 qui
924 1468 1011 1510 vias
1034 1481 1150 1510 meas
1172 1465 1443 1514 custodierit,

68 1559 90 1584 ο
103 1540 346 1600 advigilans
345 1539 451 1583 meis
472 1539 589 1582 ostiis
604 1538 822 1595 quotidie,
840 1536 1090 1580 custodiens
1106 1543 1247 1594 postes
1268 1535 1354 1578 mei
1377 1535 1446 1578 in-

70 1611 268 1657 strutus.
293 1612 439 1655 Exitus
451 1610 559 1659 mei,
564 1609 716 1653 exitus
728 1610 836 1652 sunt
856 1607 982 1652 vitae³
990 1627 1035 1652 ,n

124 1682 324 1729 XLVIII.
350 1682 421 1726 Sic
436 1680 638 1731 Ecclesiae
654 1694 740 1723 suae
754 1679 854 1722 Chi'
845 1687 949 1722 istus
969 1679 1159 1738 speciem
1175 1680 1443 1738 concupivit,

20 1800 34 1813 θ
68 1763 130 1807 ot
138 1754 300 1814 paravit
324 1753 407 1807 sibi
434 1768 530 1796 eam
557 1766 736 1794 uxorem
762 1750 988 1795 acciscere.
1017 1749 1102 1793 Sed
1121 1751 1220 1808 quia
1256 1759 1348 1794 erat
1368 1750 1448 1793 sub

15 1861 20 1867 .
69 1816 185 1884 brige
202 1823 306 1881 (sub
320 1823 436 1903 Lege
456 1822 571 1865 enim
588 1822 760 1872 Petrus,
781 1820 990 1871 Joannes,
1011 1821 1240 1879 caeterique
1259 1820 1463 1878 Apostor

18 1900 30 1915 2
74 1893 257 1952 liciviri)
278 1894 393 1953 prius
409 1908 486 1936 nos
504 1891 781 1936 observantiae
804 1891 1036 1950 corporalis
1056 1891 1236 1935 vinculis
1258 1892 1449 1934 relaxan-

74 1963 152 2009 dos
171 1964 347 2025 putavit.
368 1963 574 2018 Quamvis
586 1962 700 2005 enim
722 1961 810 2006 Lex
822 1962 1018 2021 religiosa
1030 1994 1042 2012 ,
1067 1960 1182 2005 Lex
1168 1969 1281 2020 Justa
1298 1995 1310 2012 ,
1335 1961 1448 2004 sicut

73 2033 187 2077 1111ae
208 2048 387 2095 persona
408 2033 646 2083 inducitur,
673 2032 746 2091 qui
768 2040 856 2076 tam
874 2033 1095 2091 religiosus
1115 2040 1161 2075 et
1178 2039 1319 2076 castus
1341 2030 1440 2081 sui-t,

74 2112 125 2148 ut
139 2120 352 2165 regressus
372 2121 396 2148 c
417 2106 530 2149 bello
554 2119 731 2148 uxorem
748 2119 839 2148 non
853 2111 1199 2163 recognosceret,
1214 2118 1295 2146 nec
1317 2103 1447 2145 intra-

75 2183 143 2220 ret
164 2178 217 2220 ad
238 2192 357 2227 eam;
381 2184 524 2221 tamen
544 2176 641 2234 quia
665 2176 783 2220 Urias
807 2176 850 2219 in
866 2176 1023 2226 David,
1043 2176 1127 2219 hoc
1147 2183 1237 2226 est,
1259 2173 1448 2225 virohu-

23 2295 25 2297 ,
74 2247 188 2298 mili,
215 2249 410 2306 copulam
437 2248 635 2307 cognovit
670 2248 894 2299 Ecclesiae,
921 2264 943 2291 a
972 2248 1207 2309 Synagogae
1233 2248 1448 2308 conjunc-

77 2317 195 2361 tione
220 2317 464 2375 discedens,
490 2319 632 2362 locum
668 2317 822 2362 futuris
853 2318 1012 2377 nuptiis
1039 2319 1303 2379 praeparavit.
1326 2320 1449 2363 Unde

24 2430 29 2443 „
75 2395 124 2431 et
140 2387 325 2432 Joannes
356 2396 506 2448 typum
537 2388 702 2447 accepit
730 2388 876 2448 Legis,
917 2389 991 2447 qui
1027 2390 1219 2448 quamvis
1247 2397 1358 2434 esset
1393 2404 1448 2435 ex

76 2458 293 2510 Patribus,
317 2461 454 2519 parari
470 2460 556 2504 vias
579 2460 752 2504 Domini
778 2460 988 2505 nuntiavit
1020 2469 1065 2505 et
1092 2461 1294 2506 Ecclesiae
1316 2476 1448 2520 copu-

23 2571 26 2573 ,
75 2530 164 2575 lam
183 2531 489 2591 -prophetabat3
515 2540 559 2576 et
577 2532 673 2576 ideo
694 2532 860 2576 occisus
883 2531 1128 2585 inducitur,
1156 2542 1206 2578 ut
1228 2532 1445 2579 desectum

123 2632 137 2650 ⁸
154 2624 254 2658 Cant.
279 2635 354 2666 vin,
374 2635 406 2659 ι.
433 2643 472 2651 -—
487 2633 501 2652 ¹
520 2625 609 2660 Ibid.
629 2636 663 2661 2.
678 2643 719 2652 -
733 2627 747 2651 ³
759 2625 860 2662 Prov.
878 2634 952 2667 511¹,
965 2625 1023 2667 34.

225 2695 307 2725 ιη.
1270 2683 1300 2726 6
