1794 3256
384 280 443 323 60
870 299 875 302 ·
929 298 968 325 -s.
996 296 1197 326 ammom

376 375 657 435 cupiditatum
669 409 680 426 ,
698 390 791 435 quae
806 377 923 419 velut
937 376 1121 435 quodam
1140 378 1182 420 in
1206 378 1315 422 freto
1332 375 1525 436 corporis
1542 378 1750 443 navigant-
1788 393 1789 411 ¹

380 455 467 490 tem
487 447 587 491 hinc
605 456 730 506 atque
746 448 843 490 inde
866 450 1132 506 perturbant,
1159 457 1204 492 ut
1221 450 1482 507 gubernator
1494 449 1562 492 sui
1584 443 1750 492 animus

381 531 475 561 csse
495 534 581 560 non
599 519 744 576 possit,
769 519 881 561 diem
903 534 952 562 ac
969 527 1139 562 noctem
1151 519 1335 578 caligine
1354 520 1511 563 amoris
1533 513 1746 578 ignoffins.
1780 516 1784 518 ’

441 588 594 632 XVIII.
633 588 778 632 Oculis
819 589 947 648 igitur
986 588 1201 633 excitatur
1235 590 1369 634 libido
1383 624 1394 641 ,
1435 592 1509 634 sed
1545 590 1752 635 ebrietate

379 658 666 701 succenditur.
703 659 852 703 Omnis
874 659 987 703 enim
1013 660 1204 704 ebriosus
1227 667 1269 703 et
1298 651 1558 710 fornicator,
1581 658 1753 720 -paupe‘r

379 727 467 772 fiet.
494 729 581 773 Nec
600 729 677 773 tibi
702 731 755 773 de
777 730 965 788 potentia
987 731 1217 774 blandiaris
1241 731 1430 789 potandi,
1455 727 1546 775 Noe*
1563 730 1752 775 ebriatus

383 808 469 849 est,
487 808 530 842 et
551 799 623 857 qui
643 814 729 842 non
750 800 981 843 inebriatus
1006 809 1070 844 est
1091 801 1250 844 diluvio
1264 835 1276 852 ,
1295 802 1529 845 inebriatus
1551 809 1618 846 est
1634 801 1747 846 vino.

382 869 468 914 Sed
488 871 554 914 ille
571 879 765 914 naturam
782 872 866 915 vini
884 872 1121 930 ignorabat,
1141 888 1227 915 non
1244 874 1358 916 enim
1378 881 1476 917 ante
1496 882 1750 932 potaverat&

379 950 430 984 tu
453 942 496 984 in
525 942 595 984 illo
629 942 812 984 didicisti
841 957 998 986 caverev
1019 943 1122 1001 quid
1149 943 1320 987 debeas.
1353 943 1435 987 Lot
1454 959 1534 1003 vpet·
1556 948 1754 987 somnum

380 1014 585 1071 deceptus
606 1020 684 1062 ost,
710 1021 753 1056 et
779 1021 826 1056 tu
846 1013 880 1057 si
901 1028 986 1055 non
1004 1014 1063 1056 vis
1085 1013 1246 1071 decipi,
1271 1015 1470 1058 somnum
1487 1014 1648 1058 mentis
1670 1023 1754 1058 tuae

382 1083 567 1133 diseute;
587 1099 640 1126 ne
655 1083 772 1126 ebrio
792 1084 940 1127 illudat
962 1082 1074 1126 filius
1090 1093 1164 1127 aut
1179 1084 1266 1127 filia
1288 1084 1534 1127 dormienti.
1558 1083 1652 1128 Non
1669 1085 1755 1144 pie-

381 1162 444 1196 tas
461 1154 563 1203 illic,
582 1154 658 1198 sed
672 1154 852 1198 ebrietas
869 1154 1033 1198 ridetur
1053 1170 1063 1197 ε
1088 1170 1167 1198 nec
1184 1163 1305 1213 pater
1322 1153 1427 1202 illic,
1445 1155 1522 1198 sed
1538 1155 1754 1198 dormiens

378 1223 756 1268 circumscribitur.
785 1224 856 1268 Vis
878 1240 965 1267 non
985 1225 1135 1267 aduri?
1162 1225 1257 1268 Noli
1281 1226 1334 1268 ad
1355 1225 1498 1284 ignem
1526 1225 1748 1269 accedere.

382 1291 456 1336 Vis
473 1309 558 1336 non
572 1295 855 1353 praecipitari?
872 1294 1070 1338 Nutantia
1086 1295 1201 1353 fuge,
1219 1304 1434 1354 praerupta
1451 1310 1572 1345 cave,
1591 1297 1753 1339 caduca

386 1365 552 1407 declina
574 1373 617 1408 et
636 1366 838 1408 labantia.
1567 1409 1569 1413 ,

441 1434 565 1479 XIX.⁴
598 1435 725 1479 Vides
741 1436 868 1495 igitur
889 1437 931 1479 in
947 1437 1026 1480 illis
1047 1438 1118 1495 qui
1142 1437 1242 1495 justi
1264 1452 1355 1480 esse
1376 1445 1644 1486 meruerunt,
1669 1451 1754 1480 non

386 1507 560 1548 alteram
590 1506 716 1549 fuisse
747 1516 967 1557 naturam,
1006 1510 1081 1551 sed
1119 1509 1294 1551 alteram
1332 1507 1614 1566 disciplinam.
1648 1507 1756 1551 'Post

381 1577 507 1635 primi
543 1577 726 1620 hominis
756 1579 921 1637 lapsum
940 1612 951 1629 ,
988 1578 1232 1636 justamque
1263 1577 1519 1621 sententiam
1538 1610 1550 1627 ‚
1578 1575 1679 1621 cum
1712 1577 1754 1621 in

380 1662 467 1689 uno
483 1647 621 1689 carnis
645 1648 868 1691 damnatus
890 1648 943 1691 sit
965 1649 1199 1707 appetitus,
1219 1648 1371 1691 vitium
1392 1647 1525 1691 traxit
1545 1647 1752 1694 conditio.

385 1717 527 1760 infecit
565 1719 690 1776 culpa
731 1727 964 1761 naturam:
996 1720 1071 1761 secl
1101 1727 1264 1761 naturae
1296 1717 1431 1777 ipsius
1464 1718 1617 1762 vitium
1649 1717 1755 1762 fides

384 1788 659 1845 temperavit,
689 1797 731 1831 et
753 1789 988 1831 devotionis
1008 1789 1187 1832 intentio
1212 1789 1419 1848 mitigavit
1442 1788 1662 1833 offensam.

384 1929 797 1988 quoniamDominus
806 1931 920 1973 Deus
929 1938 992 1973 est
1004 1946 1014 1972 :
1027 1931 1115 1989 ipse
1123 1930 1308 1974 fecitnos
1319 1939 1362 1974 et
1372 1931 1543 1990 non'ipsi
1561 1946 1655 1975 nos.
1669 1929 1754 1975 Sci-

384 2009 471 2044 tote
481 2002 681 2061 qnoniam
699 2017 798 2045 caro
815 2018 961 2045 sumus
977 2010 1018 2045 et
1040 2003 1190 2062 pulvis.
1217 2003 1523 2061 Relinquamus
1541 2016 1643 2061 ergo
1660 2017 1755 2062 quae

382 2071 577 2120 fecimus,
602 2080 645 2114 et
662 2072 798 2130 ipsum
820 2073 953 2115 nostri
977 2088 1226 2116 veneremur
1246 2071 1500 2122 Auctorem,
1532 2072 1607 2130 qui
1626 2071 1755 2115 vitam

390 2142 521 2192 dedit,
540 2151 714 2203 peccata
731 2143 919 2193 donavit,
938 2144 1009 2201 qui
1026 2145 1139 2186 solus
1157 2151 1295 2202 potest
1312 2143 1456 2187 dicere
1474 2157 1486 2186 t
1502 2160 1519 2183 ι
1536 2143 1625 2202 Ego
1642 2144 1754 2192 sum,

386 2228 493 2271 »ego
514 2229 632 2263 sum,
662 2214 734 2271 qui
762 2213 882 2256 deleo
909 2214 1151 2271 iniquitates
1182 2222 1367 2264 vestras,
1400 2221 1444 2256 et
1470 2219 1754 2256 memor'uon

386 2301 403 2321 n
416 2282 530 2326 ero¹.
558 2284 762 2342 »Magnus
784 2285 908 2343 plane
925 2292 968 2327 et
987 2284 1228 2327 misericors
1243 2285 1376 2334 Deus,
1401 2275 1474 2342 qni
1492 2281 1754 2326 beneficium

387 2353 575 2403 confert,
604 2369 683 2396 nec
715 2353 913 2397 beneficii
936 2369 1092 2397 munus
1122 2355 1364 2413 exprobrat.
1396 2353 1609 2398 Miramini
1640 2355 1756 2412 quod

384 2421 519 2465 David
539 2438 683 2481 regem
699 2423 864 2475 fecerit,
876 2425 1168 2483 victoremque
1189 2427 1420 2468 multarum
1435 2424 1662 2483 gentium?
1683 2423 1755 2468 Sic

386 2493 573 2535 servulos
605 2508 702 2536 suos
734 2495 953 2538 consuevit
979 2497 1173 2540 evehere.
1209 2496 1302 2539 Non
1328 2511 1476 2540 avarus
1499 2492 1752 2545 munerum,

387 2577 467 2605 nec
497 2562 692 2607 beneficii
726 2580 902 2623 parcus,
931 2582 1011 2611 nec
1042 2567 1185 2626 gratiae
1210 2576 1414 2626 angustus
1439 2575 1483 2612 et
1508 2566 1619 2626 frugi
1642 2580 1654 2609 τ
1679 2567 1755 2610 sed

446 2665 454 2679 ¹
473 2655 668 2701 1⁵³1:me
690 2658 741 2688 25.
