1794 3256
374 287 457 333 128
730 296 733 299 ·
921 299 953 327 s.
994 287 1190 328 amnnosn
1258 289 1260 291 ’

368 399 447 429 nos
463 382 633 441 plenam
652 391 897 422 mensuram
922 385 994 419 aut
1014 391 1278 443 mereamur,
1303 387 1376 423 aut
1395 368 1675 439 possimus-'ac
1685 378 1745 428 ei-

369 469 485 514 pere.
514 451 635 495 Sicut
656 450 727 493 hic
748 457 986 492 extremum
1009 456 1178 507 tempus
1206 449 1418 501 fructum,
1444 451 1566 495 ita'et
1586 448 1745 503 illicd'a-

370 525 436 569 hit
456 523 642 566 fructum
655 519 868 563 bonumin
892 518 1111 578 gentibus3
1129 529 1177 564 ut
1193 519 1515 566 resurrectionis
1531 523 1624 582 ejus
1640 515 1746 569 'coh-

369 595 550 638 sortium
571 606 722 650 capere
734 622 746 640 ,
773 605 821 633 ac
835 605 1001 632 servare
1014 590 1236 648 possimus
1259 585 1480 637 Nuuc'non·
1494 588 1740 653 possumus,

370 664 520 708 odioso
540 663 694 705 saeculo
719 676 804 703 non
841 657 1122 704 sustinemus.³
1146 662 1226 705 Hic
1247 664 1362 707 enim
1385 680 1459 708 cor
1469 658 1741 724 ruptela'est,

370 744 414 779 et
435 733 671 777 cavendum
692 732 771 775 suit
793 747 847 774 ne
871 747 1242 792 corrumperemus
1275 735 1411 779 bonos
1433 735 1620 786 fructus,
1639 752 1744 795 quos

369 806 533 864 lignum
555 803 649 846 vitae
671 804 812 852 daret3
838 802 935 859 quia
956 818 1071 845 nunc
1093 804 1283 862 corrupti
1300 837 1311 855 ‚
1325 801 1411 848 illic
1440 815 1580 850 aute‘m
1602 807 1748 850 incor-

370 875 512 933 rupti:
530 892 546 913 α
569 874 752 926 Quando
774 881 816 915 et
837 874 996 915 mortui
1011 906 1022 922 ‚
1052 874 1213 931 inquit,
1239 885 1462 934 resurgent
1483 877 1742 936 incorrupti,

370 954 445 988 »et
471 960 547 987 nos
584 941 960 986 commutabimur.
1004 942 1330 1001 Oportetxenim
1359 946 1640 1005 corruptibile
1662 948 1745 991 hoc

370 1017 578 1059 »inducre
604 1013 938 1071 incorruptelam
953 1046 964 1063 ,
1011 1021 1054 1056 et
1092 1017 1276 1058 mortale
1317 1016 1408 1066 hoc
1444 1017 1624 1061 induere
1663 1017 1746 1061 im-

370 1083 744 1130 »mortalitatem⁵.
764 1102 781 1124 »
814 1084 930 1136 Quid
957 1099 1056 1142 ergo
1082 1087 1285 1143 proderat
1300 1074 1507 1140 morituro
1529 1088 1747 1147 accipere,

372 1158 490 1217 quod
509 1156 547 1198 ei
569 1170 681 1197 mors
711 1154 898 1197 habebat
916 1154 1121 1197 auferre?
1152 1155 1277 1199 Novit
1309 1156 1748 1217 ergosapientia'qui-

371 1229 453 1273 bus
487 1226 658 1284 quando
695 1227 796 1268 dare
819 1225 997 1275 debeat,
1037 1241 1129 1282 quae
1157 1242 1236 1269 nec
1267 1227 1420 1270 folium
1452 1229 1607 1272 amittit
1642 1229 1748 1289 ligni

368 1300 447 1344 sui.
475 1298 529 1340 Et
551 1297 645 1340 ideo
675 1295 747 1354 qui
770 1295 934 1339 fruetus
957 1296 1010 1339 sit
1031 1296 1268 1356 sapientiae,
1293 1299 1410 1357 quod
1429 1299 1578 1345 solium
1601 1302 1747 1345 consi--

370 1373 584 1418 deremus.

431 1441 542 1487 XLI.
578 1439 761 1482 Fructus
792 1439 970 1481 interior
995 1447 1088 1481 est·
1076 1472 1087 1488 ,
1122 1439 1297 1490 folium,
1330 1456 1415 1499 quo
1440 1441 1604 1487 fructus
1632 1440 1705 1489 vel
1725 1459 1747 1486 a

369 1515 460 1559 sole
483 1510 675 1559 torrenti,
695 1511 762 1552 vel
779 1525 800 1551 a
824 1509 979 1566 frigore
997 1509 1252 1554 defenditur.
1272 1512 1457 1556 Fructus
1472 1513 1641 1558 videtur
1654 1530 1746 1560 esse

371 1584 494 1633 fides,
518 1597 597 1640 pax
611 1614 622 1631 ‚
642 1580 857 1628 doctrina,
881 1581 1131 1623 excellentia
1152 1597 1261 1624 verae
1279 1583 1548 1642 cognitionis,
1568 1586 1745 1636 intentio

369 1656 499 1704 hona,
522 1651 822 1710 mysteriorum
846 1650 966 1694 ratio.
994 1651 1262 1696 Hosfructus
1285 1654 1502 1700 bona'vita
1525 1659 1712 1711 custodit
1731 1675 1742 1702 :

369 1726 482 1770 mala
505 1723 633 1766 etiam
656 1721 689 1763 si
711 1720 969 1778 perceperit,
989 1721 1168 1764 amittit:
1196 1740 1213 1762 ι(
1233 1723 1454 1769 Peccatori
1477 1713 1620 1772 autem
1641 1729 1746 1774 dixit

366 1797 512 1840 »Deus
552 1809 562 1836 τ
611 1793 755 1845 Quare
790 1799 838 1834 tu
871 1806 1042 1836 enarras
1078 1793 1260 1850 justitias
1291 1796 1499 1846 meas²P
1498 1817 1514 1840 n
1542 1800 1591 1843 In
1632 1816 1747 1860 mys·

368 1867 464 1910 ticis
506 1865 669 1908 fructus
706 1871 803 1912 est,
844 1862 887 1904 in
923 1863 1155 1906 moralibus
1191 1864 1340 1909 solium
1383 1869 1742 1928 contemplatione

367 1936 670 1995 mysteriorum
693 1932 930 1975 coelestium
951 1932 990 1990 (1
1002 1935 1060 1992 7)
1083 1934 1117 1978 N
1123 1950 1190 1977 am
1211 1936 1386 1982 virtutes
1407 1939 1497 1983 sine
1518 1940 1619 1992 fide,
1638 1942 1736 1987 folia

368 2017 490 2052 sunt:
507 2007 705 2050 videntui
720 2004 871 2054 virere,
891 2006 966 2046 sed
980 2007 1182 2063 prodesse
1198 2023 1284 2052 non
1300 2011 1489 2068 possunt.
1510 2012 1737 2072 Agitantur

365 2088 510 2128 vento,
525 2077 619 2135 quia
642 2091 729 2119 non
741 2075 902 2118 habent
922 2076 1260 2123 fundamentum.
1279 2081 1438 2134 Quanti
1459 2085 1636 2143 gentiles
1657 2086 1737 2146 ha-

364 2153 471 2195 bont
485 2146 838 2198 misericordiam,
858 2143 1019 2190 habent
1033 2149 1333 2195 sobrietatem:
1354 2155 1428 2197 sed
1442 2154 1630 2201 fructum
1648 2158 1743 2202 non

366 2221 550 2268 habent3
569 2217 667 2275 quia
688 2215 817 2258 fidem
840 2231 925 2258 non
951 2217 1110 2261 habent
1127 2219 1147 2262 Ρ
1166 2219 1389 2266 Labuntur
1413 2224 1498 2268 cito
1514 2225 1636 2278 folia,
1659 2227 1735 2271 uhi

363 2298 515 2334 ventus
531 2286 705 2330 flaverit.
727 2286 779 2328 Et
796 2286 924 2344 aliqui
940 2286 966 2330 J
970 2288 1077 2331 udaei
1093 2289 1254 2335 hahent
1269 2293 1578 2349 castimoniam,
1603 2298 1711 2342 sedu
1727 2323 1737 2331 ι

362 2358 557 2405 litatem·
546 2373 592 2399 111
606 2356 789 2400 lectione
804 2356 1000 2412 multam,
1020 2367 1063 2402 et
1084 2360 1373 2420 diligentiam:
1390 2367 1465 2409 sed
1480 2366 1569 2410 sine
1589 2362 1734 2413 fructu

363 2436 486 2478 sunt,
510 2436 553 2470 et
573 2434 793 2470 versantur
813 2434 860 2470 ut
881 2427 992 2471 solia.
1018 2427 1119 2474 Haec
1144 2430 1261 2477 forte
1274 2441 1373 2477 sunt
1402 2435 1502 2480 folia
1524 2451 1617 2496 quae
1645 2434 1732 2483 Sal-

361 2507 483 2544 vator
497 2498 538 2539 in
558 2497 629 2539 illa
649 2494 735 2539 ficu
755 2498 925 2556 reperit,
951 2501 1027 2542 sed
1040 2500 1263 2545 fructum
1249 2519 1336 2548 non
1353 2505 1558 2552 invenit.
1528 2506 1541 2530 ⁸

418 2569 550 2617 XLII.
587 2568 762 2627 Mystica
783 2571 959 2622 salvant,
978 2579 1022 2615 et
1036 2589 1060 2616 a
1080 2583 1218 2619 morte
1233 2576 1446 2624 liberant.
1465 2580 1641 2627 moralia
1658 2596 1730 2628 au·

404 2662 418 2710 ξ
437 2672 451 2696 ι
470 2660 548 2695 Cor.
566 2671 621 2701 xv,
638 2661 694 2703 52,
708 2661 763 2696 53.
784 2679 826 2689 -
841 2672 855 2690 ¹
873 2663 959 2700 Psal.
974 2676 1061 2707 nix,
1078 2667 1131 2704 16.
1143 2686 1185 2695 —-
1203 2671 1218 2697 3
1232 2670 1357 2708 Matth.
1376 2682 1446 2716 xxr,
1467 2682 1520 2720 19·
1687 2642 1700 2659 l
