1794 3256
356 334 442 403 2572
909 360 941 388 s.
981 358 1173 390 annuosn

351 430 492 495 potius
507 447 636 494 quam
651 443 846 494 optantes
861 435 939 479 ista
955 435 1170 487 dicebant,
1188 443 1230 479 et
1246 406 1578 503 interrogabant
1576 414 1729 479 uti-uni*

351 514 463 549 esset
484 505 563 550 Dei
590 505 744 557 Filius,
767 505 906 549 verbis
925 505 1104 565 pacifica
1125 507 1376 569 loquentes,
1394 507 1526 551 corde
1543 494 1724 578 accusa-

354 576 515 620 tionem
536 576 743 636 sacrilegii
765 577 1013 636 cogitantes.

350 653 352 655 ’
407 648 522 702 XVI.
559 647 645 692 Sed
667 648 760 692 haec
784 649 989 707 mystica,
1013 647 1231 697 veniamus
1255 635 1319 692 ad
1330 646 1520 691 moralia.
1549 636 1723 690 Etenim

352 717 553 777 quoniam
568 733 656 761 non
676 720 808 762 semel
824 718 1038 778 appetitur
1058 717 1268 769 Christus,
1287 718 1499 782 appetitus
1515 721 1579 761 est
1593 709 1727 760 semel

352 790 396 833 in
418 805 494 832 suo
517 803 696 849 corpore
718 791 835 848 quod
856 790 1041 849 suscepit
1061 789 1105 833 in
1126 789 1312 850 Virgine,
1335 789 1545 850 appetitus
1561 793 1624 831 est
1639 786 1728 830 frea

351 868 531 919 quenter
552 860 596 903 in
617 875 669 904 eo
687 874 888 920 corpore,
912 861 1031 919 quod
1043 868 1106 904 est
1121 858 1332 911 Ecclesia,
1350 874 1428 909 nos
1443 858 1558 903 enim
1574 870 1726 902 sumus

349 946 506 990 corpus
526 929 683 975 Christi
702 934 746 975 ‘et
768 932 974 982 membra.
997 929 1222 991 Appetitur
1238 939 1282 974 et
1300 931 1346 973 in
1366 924 1544 990 singulis
1563 927 1729 974 sanctis

349 1001 436 1045 suis
456 1010 500 1045 et
520 1000 837 1052 innocentibus,
861 1001 934 1061 qui
957 1001 1142 1046 Domino
1162 1015 1207 1046 se
1226 1000 1438 1045 dicarunt.

414 1072 551 1118 XVII.
585 1072 880 1124 Recordamur
894 1073 1077 1133 aliquem
1096 1073 1289 1133 proxime
1310 1073 1362 1116 ab
1385 1071 1583 1116 omnibus
1599 1078 1730 1133 appe-

359 1142 528 1195 titum¹,
545 1159 568 1187 a
587 1143 673 1188 suis
693 1144 946 1188 destitutum
965 1160 1013 1188 ac
1026 1144 1274 1204 proditum:
1293 1143 1366 1202 qui
1389 1141 1587 1186 dudum
1574 1156 1619 1185 m
1635 1155 1731 1200 sug-

358 1224 483 1275 gestu
494 1215 660 1258 locatus
679 1214 862 1275 imperii,
888 1215 1029 1259 subito
1050 1231 1177 1274 egens
1199 1214 1392 1259 omnium
1411 1213 1463 1257 ab
1479 1212 1594 1272 ipsis,
1618 1216 1732 1270 quo-

359 1301 459 1330 rum
471 1285 789 1329 haereditarium
804 1285 943 1330 fuerat
959 1286 1129 1330 sortitus
1145 1285 1414 1343 obsequium,
1429 1282 1558 1343 coepit
1568 1280 1732 1341 urgeri,

360 1355 660 1416 ingruentibus
676 1356 720 1401 in
736 1356 921 1407 exitum,
946 1356 1224 1400 inferentibus
1245 1364 1452 1406 mortem,
1475 1354 1594 1408 nullo
1611 1350 1735 1396 auxi-

358 1427 532 1479 liatore,
569 1429 686 1472 nullo
716 1427 806 1487 jam
842 1428 1084 1480 socio'sui,
1117 1427 1236 1471 nullo
1270 1417 1442 1470 comite.
1477 1422 1595 1477 Quid
1620 1422 1736 1467 aliud

352 1498 516 1542 “melius
538 1498 714 1549 dixerit,
743 1513 873 1556 quam
896 1500 1012 1557 quod
1042 1514 1095 1542 ex
1115 1498 1206 1558 ipso
1229 1497 1299 1540 cui
1319 1512 1371 1558 se*
1386 1489 1593 1544 devovit,
1609 1507 1736 1538 acce-

362 1576 484 1628 perat
504 1584 514 1610 :
540 1585 557 1608 «
574 1567 725 1612 Nonne
745 1568 836 1612 Deo
861 1568 1030 1612 subdita
1063 1569 1144 1613 erit
1176 1568 1315 1612 anima
1345 1581 1440 1610 mea
1461 1567 1514 1622 ¹3³»
1535 1564 1628 1608 Hoc
1652 1571 1734 1612 est,

365 1639 471 1698 quid
505 1638 853 1698 persequimini?
885 1639 990 1697 quid
1024 1637 1194 1683 furitis?
1231 1638 1335 1697 quid
1370 1634 1610 1691 insultatis?
1636 1633 1739 1678 Gar-

367 1724 469 1754 nem
503 1709 679 1769 potestis
716 1708 980 1761 interficere,
1018 1711 1203 1753 animam
1245 1724 1333 1752 non
1365 1707 1556 1767 potestis.
1597 1705 1740 1750 Vitam

366 1781 482 1826 illam
504 1781 694 1841 corporis
714 1781 1100 1841 potestiseripere,
1129 1781 1331 1824 meritum
1361 1784 1451 1823 non*
1468 1777 1644 1838 potestis
1665 1791 1742 1820 ex·-

369 1852 576 1911 tinguere.
622 1851 842 1912 Scriptum
875 1861 939 1896 est
976 1852 1090 1895 enim
1121 1867 1131 1894 ι
1163 1869 1180 1891 α
1206 1851 1347 1895 Nolite
1378 1846 1531 1893 timere
1557 1863 1629 1891 eos
1669 1846 1743 1906 qui

373 1931 582 1982 »possunt
602 1924 800 1967 occidere
821 1938 994 1966 carnem
1012 1955 1023 1972 ,
1053 1923 1237 1965 animam
1261 1929 1403 1964 autem
1425 1934 1511 1962 non
1531 1925 1709 1978 possunt
1727 1932 1739 1960 ε

372 1995 478 2038 »sed
511 1993 654 2052 potius
685 2009 785 2037 eum
815 1993 985 2045 timete,
1019 1993 1091 2051 qui
1123 2000 1263 2051 potest
1298 1991 1484 2034 animam
1512 1998 1555 2033 et
1589 1996 1744 2048 corpus

374 2067 585 2124 „perdere
609 2065 652 2108 in
671 2063 911 2124 gehennam
924 2064 955 2108 ².
979 2082 995 2105 »
1026 2063 1179 2108 Anima
1202 2078 1308 2122 ¹ergo
1341 2077 1435 2120 quae
1462 2062 1552 2106 Deo
1576 2060 1745 2104 subdita

374 2144 439 2179 est
452 2169 464 2185 ‚
483 2150 571 2178 non
591 2142 655 2178 est
674 2134 873 2177 humanae
896 2134 1066 2177 subdita
1085 2133 1311 2192 potestati;
1331 2133 1382 2175 ab
1405 2131 1497 2191 ipso
1517 2130 1632 2174 enim
1649 2129 1746 2174 vitae

375 2205 567 2249 fructum
586 2213 727 2265 sperat
746 2213 913 2248 aeternae
927 2237 939 2255 ,
965 2212 1008 2247 et
1027 2212 1243 2263 perpetuae
1266 2202 1411 2246 salutis
1427 2201 1643 2245 auxilium.
1669 2200 1747 2245 Ille

379 2292 480 2336 ergo
498 2277 567 2321 cui
589 2292 658 2320 me
679 2276 852 2330 tradidi,
872 2283 915 2319 et
931 2284 1129 2319 necatum
1154 2274 1358 2324 tuebitur,
1378 2281 1422 2317 et
1437 2280 1654 2317 mortuum
1676 2286 1724 2314 re

381 2347 622 2398 suscitabit,
656 2356 700 2392 et
734 2347 966 2391 ulciscetur
1001 2346 1203 2390 occisum.
1236 2345 1397 2403 Raptus
1428 2352 1491 2387 est
1509 2343 1670 2402 justus,
1693 2358 1748 2386 ne

379 2419 541 2463 malitia
571 2427 757 2463 mutaret
786 2434 860 2461 cor
890 2419 996 2476 ejus.
1036 2417 1148 2462 Mors
1178 2432 1277 2475 ergo
1309 2417 1387 2460 ista
1420 2415 1553 2474 magis
1583 2414 1749 2474 peccati

379 2489 476 2548 fuga
499 2505 626 2547 quam
643 2489 863 2533 morientis
882 2497 946 2532 est
964 2488 1280 2532 detrimentum.

351 2554 353 2557 ’
443 2559 601 2609 XVIII,
648 2559 849 2603 «Etenim
876 2559 964 2619 ipse
989 2567 1053 2602 est
1073 2558 1188 2602 Deus
1215 2573 1361 2610 meuS,
1400 2556 1571 2615 adjutor
1602 2570 1748 2606 meus,

382 2648 399 2671 ι
414 2629 609 2674 defensor
633 2644 752 2674 meus
772 2645 782 2673 t
816 2645 903 2675 non
934 2630 1142 2674 movebor
1170 2629 1348 2688 amplius
1363 2628 1393 2672 ³.
1415 2647 1431 2670 ι»
1460 2627 1548 2684 Qui
1569 2626 1748 2676 labitur,

431 2731 440 2749 ¹
460 2720 526 2757 Hic
535 2722 575 2756 de
589 2722 747 2757 Gratiano
760 2722 953 2769 imperatore
968 2722 1125 2768 loquitur.
1136 2741 1176 2748 —
1194 2732 1208 2748 ¹
1226 2712 1345 2756 nauh.
1355 2733 1387 2762 x,
1402 2721 1499 2754 2⁵3.—
1511 2722 1525 2745 3
1539 2712 1623 2754 Psal.
1634 2727 1702 2757 uu,
1715 2719 1749 2752 3.
