1794 3256
377 334 618 382 namu-no
650 350 695 382 m
723 348 912 382 psam!
942 349 1056 379 nur.
1313 335 1401 398 349

36 431 298 492 ‚Prophetas
311 429 327 453 ¹
343 462 356 481 ‚
376 448 394 471 ι
406 430 517 474 sicut
531 430 736 489 scriptum
751 437 829 474 est.
849 427 1042 503 Namque
1054 434 1104 471 ut
1118 426 1146 472 J
1147 427 1250 474 ustis
1266 429 1403 475 oritur

39 502 114 548 Sol
133 502 329 560 justitian
346 501 407 544 sic
428 500 588 544 occidit
608 499 861 544 infidelibus.
1180 502 1184 508 '

100 572 192 617 Vn.
228 571 313 616 Sed
333 570 521 614 occurrit
547 571 653 613 illud
673 570 771 628 quia
802 569 906 614 dicit
932 568 1140 622 Dominus
1161 585 1171 613 :
1189 585 1205 610 ι
1229 562 1416 631 Propter'

43 644 232 688 »electos
257 641 564 686 breviabuntur
587 641 690 684 dies.
715 640 798 683 »Et
827 640 996 684 videtur
1013 640 1299 691 contrarium,
1330 642 1413 686 nisi

44 713 271 772 diligenter
297 713 511 762 advertas,
540 719 586 755 ct
609 710 828 770 superiora
854 720 1044 771 repetas3
1067 711 1171 755 dicit
1191 711 1306 756 enim
1332 713 1416 757 Do-

45 784 188 829 minus
211 784 393 828 :‹Tune
417 783 452 826 si
481 782 576 841 quis
602 782 724 824 vobis
750 781 905 825 dixerit
924 797 937 824 :
959 781 1073 825 Ecce
1098 781 1167 826 hic
1195 782 1413 834 Christus,

47 873 67 897 ι
79 862 152 898 aut
160 868 263 898 ecce
272 854 374 903 illic,
387 853 518 896 nolite
529 853 717 895 credere.
733 852 919 911 Surgent
933 851 1047 896 enim
1061 852 1416 910 pseudo-christi,

50 933 125 969 net
142 923 566 984 pseudo—prophetae,
587 931 632 967 et
653 923 813 966 dabunt
826 923 945 981 sigua
965 937 1119 981 magna
1139 931 1182 967 et
1197 923 1387 982 prodigia
1404 940 1419 974 ;

52 995 139 1039 »ita
150 1003 198 1038 ut
211 995 254 1038 in
267 1010 457 1038 errorem
469 995 741 1044 inducantur,
761 993 795 1036 si
805 992 898 1036 fieri
907 1000 1062 1051 potest,
1073 993 1202 1036 etiam
1215 993 1380 1037 electi¹.
1396 1012 1415 1036 ι

52 1065 109 1110 Et
124 1064 223 1110 ideo
244 1080 300 1108 ne
320 1064 590 1123 decipiantur
608 1063 734 1107 electi
749 1093 762 1112 ,
785 1065 987 1106 admonet
1008 1062 1218 1106 Dominus
1235 1063 1339 1122 quid
1357 1079 1430 1107 se·

55 1135 276 1193 quendum
300 1134 380 1184 sit,
409 1142 457 1176 ut
477 1149 565 1177 nou
590 1132 1118 1191 salsorum'prophetarum
1139 1147 1335 1176 sermone
1354 1147 1429 1176 ca-

56 1204 241 1264 piamur,
260 1219 399 1262 neque
407 1218 485 1247 nos
499 1218 649 1256 eorum
663 1203 803 1260 aliqua
812 1202 1052 1260 prodigiosa
1064 1201 1175 1247 sacta
1186 1203 1402 1262 decipiant
1416 1218 1428 1247 ε

58 1276 137 1320 sed
165 1283 269 1326 tunc
298 1275 525 1318 Credamus
554 1272 774 1316 Christum
806 1283 898 1316 esse
925 1279 1181 1322 venturum,
1213 1287 1315 1316 cum
1343 1273 1433 1318 dies

60 1343 176 1405 pleni
191 1343 365 1401 justitiae
380 1338 588 1401 eoeperiht
603 1342 830 1400 refulgere.
861 1341 1057 1385 Christus
1073 1341 1188 1385 enim
1205 1343 1332 1400 pleno
1348 1357 1437 1386 ma-

60 1414 225 1473 jestatis
260 1428 347 1457 suae
373 1412 537 1457 lumine
570 1411 828 1456 revelabitur
836 1428 849 1461 3
877 1419 923 1454 et
951 1411 1064 1455 sicut
1098 1411 1243 1470 fialgur
1263 1412 1350 1455 exit
1382 1413 1437 1456 ab

62 1482 266 1532 Oriente,
287 1491 331 1526 et
358 1491 452 1526 toto
472 1484 619 1526 lumen
649 1496 775 1524 suum
795 1496 932 1539 usque
952 1481 997 1524 in
1025 1481 1310 1531 Occidentem
1334 1483 1443 1527 orbe

66 1552 269 1598 diffundit
282 1569 299 1596 τ
322 1553 385 1597 sic
405 1562 450 1596 et
467 1553 601 1597 Filius
627 1551 812 1596 hominis
837 1566 938 1595 cum
965 1552 1052 1595 suis
1072 1551 1244 1611 Angelis
1266 1553 1442 1597 veniens

36 1680 44 1686 ⁸
67 1623 327 1670 illuminabit
347 1624 465 1668 hunc
486 1625 719 1673 mundum3
737 1630 786 1665 ut
801 1623 947 1666 credat
958 1623 1098 1666 omnis
1117 1623 1250 1667 homo
1265 1632 1309 1668 et
1329 1625 1443 1668 salva

69 1694 146 1740 fiat
163 1695 301 1739 omnis
323 1710 437 1739 caro.
472 1694 568 1739 Non
592 1709 694 1753 ergo
718 1694 944 1738 credamus
968 1693 1232 1738 Antichristo
1248 1726 1261 1745 ,
1284 1695 1338 1738 de
1358 1710 1447 1753 quo

73 1766 218 1812 dicent
234 1766 328 1809 falsi
343 1765 562 1824 prophetae
580 1781 591 1808 ε
619 1765 770 1822 Hicest
782 1763 974 1807 Christus
988 1781 1000 1815 3
1016 1764 1106 1810 dies
1116 1765 1230 1808 enim
1238 1763 1446 1825 perfidiae,

72 1844 202 1879 eruut
217 1834 466 1879 Antichristi
482 1835 586 1879 dies.
606 1834 702 1878 Non
722 1835 946 1877 credamus
967 1834 1017 1878 iis
1031 1834 1106 1892 qui
1126 1833 1293 1878 dicent:
1308 1834 1452 1882 Chris·

74 1914 144 1951 tus
168 1906 214 1950 in
233 1907 425 1956 deserto,
451 1904 645 1949 Christus
670 1905 714 1948 in
738 1905 1049 1964 penetralibus;
1070 1904 1160 1964 jam
1176 1905 1292 1949 enim
1309 1905 1454 1949 omnia

76 1976 205 2035 plena
230 1984 336 2019 sunt
356 1975 541 2026 Christi,
569 1975 647 2018 ubi
660 1973 1013 2034 'appropinquare
1037 1974 1217 2034 coeperit
1241 1973 1452 2020 Christus.

76 2046 171 2092 Sed
190 2060 291 2091 eum
322 2046 555 2107 riderimus
574 2045 686 2090 sacta
707 2061 802 2103 quae
824 2044 1018 2090 Christus
1047 2045 1092 2089 in
1118 2045 1347 2104 Evangelio
1377 2060 1459 2089 suo

81 2123 186 2161 ante
202 2116 413 2176 praedixit,
429 2125 533 2161 tunc
552 2116 778 2160 credamus
792 2114 886 2173 ejus
897 2116 1126 2159 adventum
1135 2132 1149 2166 ς
1162 2130 1235 2166 ne,
1254 2116 1357 2159 dum
1389 2130 1460 2159 ve·

81 2202 182 2232 rum
208 2187 436 2246 quaerimus
461 2189 630 2238 lumen,
662 2185 923 2230 infidelitatis
945 2183 1144 2231 tenebras
1168 2186 1419 2230 incidamus.

144 2257 256 2302 VIII.
283 2256 480 2301 Cavenda
489 2272 591 2316 ergo
602 2255 721 2316 signa
730 2254 936 2315 perfidie,
949 2257 1105 2315 quibus
1113 2257 1360 2301 breviantur
1373 2255 1463 2301 dies

88 2334 216 2385 atque
228 2326 493 2372 minuuntur.
507 2326 583 2371 Sol
591 2326 708 2370 enim
718 2326 1032 2376 obscurabitur,
1048 2325 1178 2369 stellae
1193 2326 1364 2376 cadent,
1378 2324 1464 2371 hec

86 2405 181 2447 est,
202 2396 304 2454 justi
323 2397 424 2447 Dei3
447 2403 548 2440 sunt
561 2394 676 2438 enim
693 2394 766 2452 qui
781 2393 1099 2456 fulgeant-sicut
1115 2396 1247 2449 stellae
1269 2397 1314 2440 in
1334 2397 1463 2441 coelo.

92 2465 207 2510 Cum
224 2466 318 2511 haec
328 2465 499 2516 videris,
513 2466 641 2509 crede
662 2463 803 2508 adhuc
817 2466 987 2510 tardare
1000 2465 1219 2511 Christum
1230 2499 1243 2518 ,
1257 2465 1332 2510 ubi
1350 2466 1468 2511 enim

96 2535 315 2586 Christum
332 2536 396 2581 ibi
411 2535 519 2580 fides
535 2535 691 2580 clarior
711 2549 724 2580 ε
742 2534 818 2578 ubi
838 2533 1148 2590 Antichristus,
1172 2537 1233 2583 ihi
1248 2536 1337 2582 dies
1347 2536 1471 2582 dimi-

97 2605 197 2679 dih⁴
221 2607 276 2650 de
303 2606 459 2666 quibus
493 2606 642 2667 utique
677 2620 765 2654 non
788 2615 1040 2667 quereretur
1065 2606 1204 2657 David
1223 2608 1434 2671 propheta
1452 2638 1473 2674 ’.

144 2704 160 2726 ι
180 2697 283 2744 Πίος.
298 2709 352 2744 ιιι,
365 2699 400 2736 ⁶.
417 2717 460 2750 -Σ
477 2709 497 2747 ‚⁸-
511 2699 737 2750 u!²ffi.·.¹.¹!⁷2
750 2699 862 2745 224⁴·
1133 2696 1137 2698 ’
1341 2692 1346 2698 ’
1481 2691 1483 2693 ¹
