1794 3256
336 283 423 328 320
761 307 773 323 .-
889 298 921 326 s.
959 298 1152 328 Αιιιιιιοειι

336 376 530 426 desum,
553 385 596 420 et
615 376 704 434 ipse
725 384 788 419 est
810 368 1053 435 deprecatio
1072 394 1152 437 pro
1173 381 1706 438 peccatisnostrisssvsssie*

335 463 437 508 ergo
469 450 696 492 advocatus
719 455 878 498 noster,
905 456 949 491 et
980 450 1222 508 deprecatio
1250 450 1708 513 proneccatisktotius

336 520 480 563 saeculi
508 527 601 562 orat
626 533 703 577 pro
724 534 775 561 eo
798 519 870 576 qui
893 518 1090 579 intelligit
1109 530 1152 566 et
1173 523 1310 568 credit
1331 523 1374 568 in
1396 524 1634 578 Christum,
1659 534 1708 576 et

338 589 467 632 dicit:
485 589 718 632 «Dominus
741 598 963 633 conservet
990 602 1107 644 eum,
1134 601 1178 636 et
1202 592 1386 638 vivificet
1407 610 1523 646 eum,
1542 604 1585 640 et
1600 597 1708 641 bea-

338 678 355 700 »
369 667 460 703 tum
475 658 601 702 faciat
611 658 747 703 eum².
765 678 781 700 »
796 659 1026 705 Conservet
1040 676 1063 704 a
1075 662 1291 720 periculis,
1304 665 1487 710 vivificet
1505 676 1706 725 tanquam

339 729 383 773 in
413 731 562 779 mortis
597 731 784 774 tenebiis
815 731 1115 783 constitutum,
1138 733 1312 779 beatum
1330 735 1472 818 facere
1493 737 1708 784 bonorum

340 816 517 860 operum
536 802 777 845 accessione
794 802 1003 861 dignetur.

396 872 453 916 X.
484 890 500 912 α
516 873 571 915 Et
597 874 819 923 emundet,
848 874 1007 931 inquit,
1039 874 1083 918 in
1112 883 1226 921 terra
1252 877 1381 922 vitam
1401 875 1515 937 ejus‘
1522 911 1533 923 .
1555 898 1572 920 ι»
1591 881 1709 924 Bene

339 943 516 994 addidit,
533 960 550 982 α
561 943 609 986 Ιιι
626 951 739 987 terra
749 962 760 995 3
774 962 790 984 »
805 944 902 1002 quia
917 945 1000 988 nisi
1015 946 1086 989 hic
1103 948 1334 992 mundatus
1351 949 1495 1009 suerit,
1514 949 1711 993 ibimun-

342 1014 420 1057 dus
448 1030 538 1058 esse
563 1029 651 1058 non
675 1016 845 1073 poterit.
872 1015 954 1060 Vel
974 1025 1090 1061 certe
1110 1019 1194 1062 hoc
1216 1021 1344 1063 modo
1362 1035 1372 1063 :
1390 1038 1406 1060 α
1421 1021 1638 1066 Emundet
1666 1021 1712 1065 in

339 1091 494 1128 »terren
510 1102 527 1126 »
551 1085 778 1137 Quomodo
801 1086 915 1129 enim
937 1087 1034 1145 quis
1054 1090 1240 1133 mundus
1262 1089 1307 1133 in
1327 1078 1445 1143 luto,
1471 1086 1572 1135 cum
1598 1099 1714 1136 terra

340 1169 440 1198 eum
458 1154 659 1198 obliniat?
676 1155 786 1214 Ergo
802 1155 973 1200 Domini
990 1173 1141 1202 manus
1152 1167 1216 1202 est
1228 1161 1482 1212 necessaria,
1501 1176 1596 1220 quae
1611 1160 1713 1206 iecit

343 1224 396 1268 de
417 1233 529 1268 terra
547 1240 723 1284 corpus,
746 1234 794 1270 ut
810 1227 898 1285 ipsa
913 1229 1122 1278 mundare
1138 1228 1350 1287 digneturr

399 1296 478 1341 XI.
525 1314 541 1336 α
557 1296 611 1351 Et
628 1311 716 1339 non
738 1298 877 1342 tradat
896 1312 998 1341 eum
1019 1298 1063 1343 in
1084 1315 1234 1343 manus
1255 1300 1419 1345 inimici
1439 1300 1545 1359 ejus.
1571 1319 1588 1342 »
1607 1301 1715 1355 Quis

342 1374 407 1410 est
423 1366 642 1417 inimicus;
660 1366 741 1410 nisi
755 1368 821 1411 leo
835 1367 906 1411 ille
917 1368 990 1426 qui
1006 1368 1159 1413 circuit
1175 1370 1362 1428 rugiens,
1377 1374 1569 1429 quaerens
1586 1387 1716 1430 quem

345 1437 548 1481 devoret?
565 1437 648 1481 Alii
669 1437 831 1481 habent
848 1439 978 1495 graeci
993 1454 1004 1482 ε
1020 1456 1037 1478 «
1049 1440 1102 1482 Et
1117 1455 1204 1483 non
1223 1442 1362 1485 tradat
1378 1443 1537 1485 eumin
1555 1442 1715 1486 animas

342 1526 358 1549 ι
372 1509 644 1551 inimicorum
673 1507 778 1565 ejus.
819 1526 836 1548 »
879 1507 1054 1552 Animas
1093 1525 1169 1568 pro
1210 1511 1407 1555 manibus
1435 1512 1578 1571 posuit
1604 1529 1617 1562 3
1662 1527 1716 1556 eo

342 1581 458 1638 quod
481 1579 752 1622 inimicorum
777 1578 927 1623 animae
949 1580 1072 1623 bonis
1093 1581 1364 1633 insidientur,
1387 1591 1431 1627 et
1452 1583 1719 1642 cogitationi-

265 1675 270 1681 ·
339 1651 420 1695 bus
442 1650 526 1706 suis
543 1650 708 1709 justum
731 1658 940 1694 conentur
955 1660 1157 1696 evertere.
1178 1653 1393 1698 Dicuntur
1409 1663 1453 1699 et
1469 1654 1620 1698 animae
1634 1669 1715 1713 pro

340 1721 598 1765 hominibus.
618 1721 804 1764 «Omnes
822 1721 971 1768 animae
987 1723 1270 1782 septuaginta,
1288 1740 1382 1782 quae
1395 1726 1715 1771 descenderunt

340 1809 358 1834 ι
372 1792 416 1834 in
436 1790 705 1850 AEgyptum.
727 1809 744 1831 »
765 1791 866 1834 Ideo
889 1800 931 1834 et
952 1792 1088 1836 David
1109 1794 1260 1837 maluit
1278 1795 1357 1839 Dei
1377 1811 1433 1840 se
1443 1797 1714 1841 committere

342 1862 566 1918 potestati,
591 1874 720 1918 quam
742 1859 938 1904 insidiis
926 1861 1222 1915 inimicorum,
1246 1866 1318 1923 qui
1344 1881 1521 1924 parcere
1541 1883 1615 1911 sua
1635 1881 1713 1911 vo-

340 1931 504 1974 luntate
525 1929 749 1972 nescirent.

398 2001 494 2045 XII.
533 1999 758 2058 Sequitur.
777 2000 1014 2046 «Dominus
1038 2019 1163 2063 opem
1183 2005 1290 2050 ferat
1313 2006 1374 2051 illi
1401 2023 1527 2067 supra
1549 2010 1712 2055 lectum

342 2089 358 2112 ι
373 2071 528 2115 doloris
557 2070 649 2128 ejus
669 2085 678 2112 :
708 2069 951 2115 universum
979 2081 1158 2118 stratum
1179 2076 1270 2135 ejus
1292 2079 1443 2122 versati
1465 2079 1508 2122 in
1530 2079 1711 2124 infirmi-

341 2160 357 2182 »
371 2149 456 2184 tate
481 2141 611 2199 ejus⁵.
628 2159 644 2180 »
660 2139 764 2193 Quis
786 2149 851 2184 est
865 2143 1000 2186 lectus
1018 2145 1189 2195 doloris,
1211 2146 1291 2190 nisi
1307 2147 1712 2194 carainfirmitatis?

341 2212 395 2255 Et
414 2213 523 2256 bene
543 2212 678 2255 lectus
699 2211 856 2255 doloris
868 2229 881 2262 ;
905 2213 1003 2271 quia
1025 2230 1181 2278 corpus
1201 2226 1265 2261 est
1283 2217 1474 2269 mortis⁶‚
1494 2219 1546 2262 de
1563 2234 1649 2278 quo
1665 2235 1711 2264 oe

340 2282 511 2328 liberari
528 2282 779 2339 deprecatur
795 2281 1022 2341 Apostolus
1032 2303 1046 2335 3
1065 2296 1113 2331 ut
1132 2296 1334 2346 tanquam
1354 2290 1408 2333 de
1424 2291 1711 2350 tumuloque·

339 2353 437 2396 dam
459 2352 590 2410 possit
615 2367 852 2410 assurgere,
886 2354 930 2397 in
959 2371 1042 2413 quo
1074 2372 1183 2416 aegra
1206 2358 1321 2417 jacet
1341 2359 1501 2412 anima,
1525 2369 1568 2404 et
1589 2361 1708 2419 quasi

340 2423 525 2481 quodam
543 2423 762 2467 decumbit
783 2422 826 2466 in
845 2424 1017 2470 lectulo.
1039 2423 1340 2486 Symmachus,
1356 2429 1564 2475 «Lectum
1578 2430 1709 2475 mise-

340 2494 457 2544 πίει),
488 2513 503 2535 ι
531 2494 663 2560 dixit:
697 2493 874 2552 Aquila,
904 2513 921 2536 α
938 2496 1174 2543 Grabatum
1194 2499 1399 2544 miseriae.
1389 2515 1400 2527 ·
1424 2518 1441 2542 ι
1460 2501 1706 2561 expressius

383 2605 392 2621 ¹
418 2597 546 2631 »Joam
571 2609 619 2636 ιι,
641 2609 673 2632 2.
691 2616 733 2624 -
761 2598 896 2635 ².Psal
925 2610 979 2644 xz,
1007 2603 1038 2638 3.
1057 2603 1238 2639 —31bid.
1254 2603 1437 2646 -chm
1462 2615 1560 2648 xxm,
1587 2606 1639 2651 η’.
1660 2625 1704 2636 -

263 2686 265 2689 .
335 2652 350 2680 ⁶
368 2650 451 2690 Psai
466 2654 568 2695 μή,
581 2655 763 2691 -6Βοιιι.
782 2668 844 2699 w,
861 2657 915 2698 ²4·
