1794 3256
454 303 693 333 sunnio
724 305 766 334 m
798 302 988 335 rumim
1017 306 1134 336 mn.
1389 292 1475 356 397

119 379 413 439 »obloquentis
436 394 448 423 τ
472 396 495 424 a
523 381 631 425 facie
651 382 812 427 inimici
833 393 877 428 et
899 384 1191 445 persequentis
1211 384 1245 428 ¹.
1270 385 1482 432 »Erubes-

118 451 244 494 eebat
268 450 383 494 euim
409 450 470 493 sic
500 452 666 509 lapsum
693 468 786 498 esse
810 456 996 499 electum
1024 455 1231 514 populum
1263 470 1409 508 suum,
1440 468 1484 502 et

117 520 458 565 confundebatur
489 521 532 564 in
562 537 634 565 eos
661 526 775 583 apud
794 525 991 576 Patrem,
1020 540 1202 584 quorum
1229 525 1325 570 finis
1354 529 1482 572 adve-

117 601 240 636 nerat
250 609 264 642 ;
280 606 465 651 prasens
482 592 598 636 enim
617 603 708 638 erat
722 596 830 640 Filio
849 597 990 648 Pater,
1008 612 1030 640 a
1052 612 1137 655 quo
1162 612 1382 656 nunquam
1406 614 1480 658 po-

117 671 201 707 test
233 663 366 707 Filius
401 665 599 722 separari.
638 665 693 709 Et
733 667 829 710 ideo
866 668 991 712 Pater
1026 668 1223 712 audiebat
1264 669 1476 714 dicentem

115 732 275 777 Judaeis
297 749 308 776 :
323 751 341 774 ι
360 734 474 777 Ecce
485 735 750 793 relinquetur
762 738 883 781 vobis
897 739 1049 782 domus
1063 748 1200 782 vestra
1222 739 1387 784 deserta
1402 741 1433 785 ².
1450 761 1468 782 ι

173 804 349 851 LXXII.
385 804 495 848 Sunt
510 814 651 850 autem
679 809 752 867 qui
776 810 904 853 etiam
934 810 978 853 in
1008 810 1257 854 confusione
1282 828 1363 862 sua
1393 815 1481 872 glo·
1510 853 1512 856 .

117 875 304 930 stantun
327 875 437 919 sicut
455 875 515 918 illi
534 876 587 920 de
609 879 765 935 quibus
786 881 891 924 dicit
906 881 1135 940 Apostolus
1160 898 1204 923 ει
1218 882 1329 936 Quia
1349 884 1479 941 gloria

117 961 296 989 aeorum
318 946 362 988 in
381 947 676 993 confusionem
702 950 891 1010 ipsorum
908 951 952 1002 ⁸3
979 972 996 992 ι
1009 952 1163 1010 quibus
1184 954 1395 996 contraria
1415 963 1480 997 est

115 1016 250 1076 gloria
259 1015 432 1067 Christi,
447 1018 520 1075 qui
542 1034 714 1064 crucem
732 1013 940 1081 suscepit,
964 1038 1043 1066 nec
1059 1023 1351 1067 confusionem
1370 1016 1480 1068 resu—

115 1090 189 1147 git.
205 1088 348 1141 Quam
365 1109 443 1138 uos
459 1106 631 1153 quoque
644 1092 821 1136 minime
834 1093 986 1136 timere
997 1092 1223 1143 debemus,
1241 1108 1323 1136 nec
1338 1094 1483 1137 sormi-

115 1162 217 1207 diue
227 1174 301 1208 aut
309 1166 477 1210 fastidio
491 1167 704 1210 declinare
715 1182 728 1215 ;
741 1180 797 1208 ne
812 1173 1036 1223 peccatum
1051 1179 1178 1222 supra
1184 1180 1262 1208 nos
1273 1166 1457 1209 adducat
1466 1200 1479 1217 ‚

115 1248 211 1291 quae
229 1245 371 1294 potest
389 1238 602 1280 adducere
622 1235 799 1294 gratiam
816 1235 924 1278 vitae.
946 1235 1023 1277 Est
1033 1235 1148 1277 enim
1163 1243 1208 1278 et
1221 1234 1481 1279 confusionis

115 1306 273 1363 gloria,
294 1315 344 1350 ut
364 1307 397 1351 si
419 1308 463 1350 in
492 1309 651 1351 multos
671 1306 849 1365 gentiles
874 1305 1036 1349 incidas
1049 1338 1062 1356 ,
1087 1307 1152 1349 vel
1174 1306 1450 1365 vphilosophos
1467 1339 1481 1357 ‚

116 1384 160 1418 et
178 1375 238 1419 illi
262 1377 341 1421 tibi
367 1378 575 1436 objiciant
602 1391 776 1421 crucem
792 1375 972 1428 Christi,
996 1385 1040 1420 et
1065 1377 1196 1419 verbo
1223 1377 1482 1435 respondere

116 1461 202 1490 nou
226 1449 383 1506 possis,
405 1463 486 1492 nec
514 1448 710 1492 salutaria
737 1447 960 1505 quisquam
982 1448 1125 1491 audiat
1141 1449 1271 1491 verba
1291 1448 1477 1492 referen-

117 1525 225 1568 tem,
233 1527 299 1561 est
312 1517 503 1561 confusio
515 1536 527 1569 ;
542 1537 559 1557 «
570 1518 654 1561 Sed
665 1533 689 1560 a
699 1531 805 1560 voce
819 1517 1112 1577 exprobrantis
1126 1525 1171 1560 et
1186 1517 1453 1575 obloquentis
1467 1534 1479 1561 :

118 1606 136 1628 ι
148 1603 172 1631 a
192 1588 300 1632 facie
315 1589 477 1632 inimici
502 1598 545 1633 et
560 1587 867 1648 persequentis.
893 1587 975 1630 »Et
997 1587 1093 1630 ideo
1111 1588 1198 1630 noli
1223 1590 1481 1646 respondere

118 1657 331 1716 insipienti
352 1660 408 1702 ad
426 1658 710 1717 insipientiam
724 1657 817 1715 ejus
846 1672 858 1700 ε
880 1665 971 1700 esto
992 1657 1103 1700 sicut
1122 1654 1252 1700 homo
1272 1666 1417 1701 mutus
1436 1667 1482 1703 et

118 1737 287 1779 tacens,
313 1738 357 1773 et
377 1730 497 1787 quasi
518 1744 606 1773 non
628 1729 803 1772 audiens
824 1728 952 1771 verba
976 1727 1270 1771 insultantium
1294 1736 1338 1772 et
1358 1727 1481 1772 oblo-

118 1798 366 1856 «luentium
387 1815 475 1843 non
494 1815 581 1858 quo
601 1799 858 1858 respondere
878 1812 1063 1855 nequeas
1075 1830 1088 1848 ,
1115 1799 1190 1841 sed
1210 1813 1295 1856 quo
1313 1813 1485 1857 respon-

120 1866 322 1913 dere'non
343 1870 511 1914 debeas.
539 1869 669 1914 Omni
688 1869 802 1912 enim
817 1869 879 1912 rei
895 1877 1063 1927 tempus
1081 1883 1092 1910 :
1111 1876 1279 1926 tempus
1294 1869 1483 1919 tacendi,

69 1972 73 1977 .
119 1947 164 1982 et
180 1948 350 1999 tempus
368 1940 584 1998 loquendi.
610 1940 858 1983 Tacendum
874 1947 964 1988 est,
987 1939 1158 1996 quando
1177 1945 1372 1996 paratum
1397 1953 1484 1980 non

119 2009 282 2052 invenis
301 2011 538 2054 auditorem
555 2027 565 2054 :
591 2010 854 2070 loquendum
873 2017 939 2052 est
955 2042 967 2059 ,
983 2008 1160 2066 quando*
1173 2008 1380 2051 Dominus
1401 2008 1486 2050 lin-

121 2093 247 2137 guam
258 2070 508 2123 eruditionis
524 2080 716 2138 indulget
724 2095 738 2128 ς
755 2086 804 2122 ut
819 2093 958 2121 sermo
975 2087 1075 2122 tuus
1085 2086 1287 2137 operetur
1301 2078 1345 2120 iu
1363 2077 1487 2121 affee-

121 2149 234 2192 tibus
250 2150 526 2194 audientium.
546 2149 776 2202 Quomodo
793 2157 937 2192 autem
957 2156 1000 2192 te
1020 2149 1162 2191 audiat
1174 2180 1188 2198 ,
1206 2149 1280 2206 qui
1296 2148 1392 2191 ideo
1407 2148 1486 2191 tibi

121 2218 381 2277 obloquitur,
409 2235 460 2263 eo
494 2220 611 2277 quod
636 2219 851 2262 salubrem
878 2227 1000 2261 tunm
1025 2218 1132 2261 nolit
1156 2218 1304 2260 audire
1324 2233 1488 2260 sermo-

122 2290 253 2332 nem?
270 2289 359 2332 Aut
378 2290 593 2348 quomodo
614 2289 693 2332 tibi
714 2289 969 2347 acquiescat,
994 2289 1067 2346 qui
1080 2296 1331 2347 persecutor
1345 2296 1426 2337 est,
1445 2296 1489 2331 et
1546 2326 1551 2331 .

0 2327 4 2354 ἶ
56 2362 59 2364 ’
122 2359 226 2402 velit
245 2368 288 2402 te
306 2359 387 2402 sibi
410 2359 655 2403 vindicare?
669 2359 779 2410 Aut,
802 2368 852 2402 ut
871 2358 1023 2417 Aquila
1040 2358 1175 2408 flixit,
1201 2358 1269 2401 vel
1287 2357 1487 2415 Symma-

124 2430 231 2473 chus
243 2462 257 2479 ,
271 2439 323 2474 ut
337 2431 566 2482 ulciscatur
580 2438 624 2474 et
645 2430 794 2489 puniat
807 2429 851 2472 iu
868 2437 910 2472 te
924 2461 936 2479 ,
960 2429 1076 2488 quod
1092 2428 1250 2472 Christi
1265 2426 1489 2471 haereditas

124 2503 179 2544 ad
197 2509 344 2559 gentes
360 2502 554 2545 videatur
574 2516 665 2544 esse
688 2500 927 2544 transfusa?
946 2501 1090 2559 Longe
1120 2500 1263 2558 itaque
1287 2499 1366 2542 ista
1381 2513 1487 2541 con-

123 2570 232 2615 fusio
250 2587 295 2614 -a·
311 2571 560 2616 confusione
591 2580 636 2615 et
664 2572 895 2631 opprobrio
922 2571 1174 2631 peccatoris.
1213 2570 1343 2614 Istius
1371 2569 1486 2614 enim

114 2672 118 2676 ·
174 2668 185 2685 ⁸
201 2659 288 2695 Psu.
304 2663 398 2702 ami,
416 2669 470 2705 ¹7·
482 2673 527 2689 u·-
541 2669 556 2689 ι
571 2661 697 2697 untux.
712 2670 814 2700 xxm,
829 2661 938 2696 580—-
952 2660 1106 2706 ’Philip
1118 2670 1171 2700 m,
1190 2666 1244 2704 ις.
