1794 3256
368 312 490 369 304·
920 330 952 360 s.
993 329 1186 359 Aunnosu
1241 351 1243 354 Α
1278 355 1280 357 ,

371 407 614 469 »perfecisti
643 409 762 453 mihi.
797 409 920 453 Tune
946 408 1186 452 dixi:Ecce
1213 408 1355 454 venio,
1382 411 1432 453 1:11
1469 409 1744 471 capiteLibri

371 480 606 538 »scriptum
635 489 699 524 est
722 482 774 524 de
793 496 863 523 me
880 513 891 530 ,
916 488 964 522 ut
986 479 1138 522 faciam
1163 481 1426 525 voluntatem
1446 490 1605 526 tuam-z
1623 484 1742 528 Deus

367 566 545 602 »meus‚
570 551 725 595 volui¹.
743 569 760 592 »
785 550 901 603 Quid
926 550 1164 594 evidentius
1186 567 1317 609 quam
1342 553 1457 610 quod
1477 566 1580 596 cum
1598 553 1743 597 Evau-

368 622 468 683 gelii
491 623 554 665 sui
578 632 754 665 munere
776 622 898 665 nobis
915 621 1046 664 ·Jesus
1075 637 1199 665 verus
1230 623 1411 667 advenit.
1448 624 1543 682 Ipse
1568 625 1742 672 locutus

370 702 435 737 est
450 727 462 744 ,
484 703 527 737 et
552 694 764 736 innumeri
789 693 1057 737 credentium
1079 694 1491 754 populi'congregati
1514 703 1613 739 sunt
1629 691 1741 754 ,³q'ui

369 766 440 809 vix
460 766 613 824 singuli
636 773 732 808 ante
750 766 996 808 credebant.
1025 766 1119 823 Ipse
1135 766 1251 809 venit
1268 767 1312 810 iu
1333 782 1476 817 carne,
1496 775 1538 810 et
1561 765 1745 811 cessarit

369 836 626 881 sacrificium
647 836 910 879 Judaeorum.
939 835 1309 880 Cessavitroblatio
1330 852 1407 896 pro
1424 834 1743 896 peccatquuia

371 917 649 968 peccatorum
670 909 870 952 remissor
893 909 1132 951 advenerat.
1167 908 1260 952 Non
1283 917 1374 951 crat
1402 908 1639 952 remedium
1666 923 1744 952 ne·

371 981 603 1025 cessarium
621 979 760 1038 Legis,
781 979 854 1022 ubi
873 979 999 1037 Legis
1013 978 1177 1022 Auctor
1199 979 1375 1022 astabat.

432 1052 509 1095 XI.
557 1051 639 1097 «ln
668 1049 807 1107 capite
836 1049 954 1093 Libri
978 1050 1185 1109 scriptum
1218 1058 1281 1092 est
1305 1050 1358 1092 de
1387 1063 1473 1093 1116.
1491 1044 1740 1108 »Scriptum

370 1121 562 1182 profecto
595 1123 647 1164 de
679 1120 847 1164 Christo
877 1128 940 1163 est
970 1121 1012 1162 in
1048 1120 1259 1178 principio
1282 1118 1447 1163 Veteris
1480 1119 1742 1163 Testamenti

372 1195 488 1252 quod
513 1200 716 1236 venturus
745 1200 881 1240 esset,
911 1199 960 1234 ut
984 1192 1026 1234 in
1050 1191 1346 1249 redemptione
1375 1191 1631 1245 homiuum,
1661 1190 1743 1234 Dei

371 1263 508 1308 Patris
540 1264 699 1306 faceret
733 1263 1030 1311 voluntatem3
1073 1263 1243 1320 quando
1274 1262 1480 1320 scriptum
1512 1270 1578 1305 est
1598 1292 1610 1312 ,
1642 1261 1743 1320 quia

368 1335 500 1381 Evam
525 1334 567 1377 in
588 1333 728 1392 specie
748 1333 949 1375 Ecclesia}
972 1333 1026 1375 ad
1048 1332 1232 1375 hominis
1258 1332 1502 1390 adjumenta
1526 1331 1736 1376 formavit.

371 1405 489 1459 Quid
511 1405 625 1447 euim
646 1404 769 1446 nobis
789 1403 831 1446 in
850 1402 930 1446 hae
955 1403 1148 1461 corporis
1166 1402 1412 1446 infirmitate
1429 1435 1440 1453 ‚
1457 1411 1502 1447 et
1524 1403 1667 1446 saeeuli
1683 1403 1745 1446 is-

367 1476 453 1520 tius
472 1474 792 1533 perturbatione
811 1460 1006 1532 praesidio
1022 1483 1163 1532 potest
1186 1489 1302 1523 esse;
1324 1474 1406 1516 nisi
1431 1475 1519 1516 sola
1541 1474 1743 1517 Ecclesiae

369 1546 536 1606 gratia,
567 1561 648 1603 qua
675 1545 964 1587 redimimur:
990 1552 1033 1587 et
1065 1543 1170 1586 fides
1202 1552 1346 1586 nostra
1375 1576 1388 1592 ,
1427 1559 1511 1601 qua
1543 1544 1737 1587 vivimus.

384 1634 403 1657 α
416 1617 465 1660 In
482 1617 622 1675 capite
633 1615 749 1660 Libri
766 1615 971 1672 scriptum
983 1623 1082 1657 est:
1107 1614 1166 1657 Os
1183 1615 1235 1657 de
1254 1614 1425 1657 ossibus
1436 1614 1566 1670 meis,
1584 1622 1628 1658 et
1644 1628 1750 1659 caru

371 1688 456 1730 »de
481 1702 611 1730 carne
637 1702 745 1729 mea.
778 1679 956 1743 Propter
985 1685 1069 1728 hoc
1095 1685 1308 1743 relinquet
1339 1685 1470 1728 homo
1506 1693 1672 1744 patrem
1699 1693 1746 1729 et

368 1766 602 1807 »matrem,
627 1765 670 1800 et
691 1756 924 1800 adhaerebit
943 1756 1067 1799 uxori
1088 1772 1197 1807 suae3
1225 1765 1267 1799 et
1283 1765 1411 1799 erunt
1435 1756 1561 1799 duo
1551 1772 1592 1800 m
1613 1769 1744 1801 cmm

365 1845 387 1870 s
403 1829 523 1872 una².
551 1848 566 1869 ι
582 1828 689 1882 Quis
710 1828 787 1870 iste
809 1827 862 1870 sit
883 1827 956 1884 qui
976 1828 1146 1870 locutus
1168 1835 1249 1878 est,
1275 1836 1346 1870 aut
1368 1829 1421 1870 de
1443 1843 1530 1886 quo
1545 1827 1664 1871 'istud'
1688 1828 1743 1871 sit

369 1907 705 1948 sacramentum,
737 1896 835 1941 audi
858 1897 1072 1941 dicentem
1098 1913 1108 1940 ε
1137 1915 1154 1937 α
1172 1897 1499 1941 Sacramentum
1519 1898 1603 1941 hoc
1620 1913 1740 1956 mag-

364 1986 502 2016 »num
525 1978 588 2012 est
612 1985 621 2012 :
646 1983 724 2027 ego
749 1975 892 2010 autem
916 1966 1013 2009 dico
1045 1967 1088 2009 in
1114 1967 1285 2011 Christo
1309 1976 1352 2010 et
1377 1968 1420 2010 in
1448 1968 1638 2012 Ecclesia
1657 1967 1688 2012 ⁸.
1711 1985 1730 2008 ι

359 2044 493 2088 vUnde
509 2050 551 2085 et
568 2040 770 2083 admonet
784 2046 832 2080 ut
854 2037 913 2080 sic
936 2037 1080 2096 diligat
1102 2038 1232 2081 homo
1247 2054 1423 2082 uxorem
1441 2055 1576 2091 suam,
1595 2054 1743 2098 quem-

362 2105 600 2159 admodum
622 2108 858 2154 Ecclesiam
881 2107 1100 2151 Christus*
1119 2126 1131 2159 ;
1150 2110 1351 2166 quoniam
1374 2111 1568 2153 membra
1592 2126 1744 2157 sumus

369 2184 559 2243 corporis
583 2181 676 2240 ejus
697 2213 708 2230 ‚
743 2180 795 2222 de
823 2194 951 2226 carne
977 2179 1130 2237 ipsius,
1156 2188 1199 2223 et
1223 2180 1276 2223 de
1305 2179 1470 2224 ossibus
1491 2181 1604 2239 ejus.
1631 2182 1741 2235 Quae

369 2256 498 2314 igitur
517 2252 655 2309 major
677 2251 810 2300 saluS,
829 2264 958 2307 quam
982 2265 1074 2293 esse
1098 2265 1199 2293 cum
1227 2249 1396 2294 Christo
1411 2283 1423 2300 ‚
1448 2259 1492 2294 et
1513 2250 1552 2294 ei
1575 2251 1741 2295 unitate

368 2326 552 2386 quadam
581 2320 768 2379 corporis
793 2320 1028 2370 adhaerere,
1056 2321 1099 2364 in
1128 2335 1213 2379 quo
1238 2335 1319 2364 nec
1345 2321 1516 2364 macula
1537 2320 1595 2364 sit
1618 2322 1703 2365 ulla
1721 2353 1741 2372 ,

367 2411 448 2441 nec
466 2393 673 2438 tortitudo
689 2390 852 2450 peccati
886 2391 926 2445 (l
934 2390 1016 2450 5)?

427 2466 524 2512 XII.
544 2464 760 2521 Scriptum
777 2470 840 2504 est
859 2462 904 2505 in
925 2461 1066 2520 cipite
1089 2461 1136 2506 Li
1140 2462 1234 2512 hri,
1254 2463 1370 2520 quod
1387 2434 1498 2505 Abel
1518 2429 1640 2520 justi
1632 2414 1736 2522 pla-

370 2537 460 2583 cuit
488 2533 625 2579 hostia
654 2532 744 2576 Deo
762 2532 774 2553 ⁵
793 2564 805 2582 ,
849 2532 1066 2590 displicuit
1099 2532 1258 2582 obt-{tio
1303 2532 1554 2591 parricidae
1578 2531 1739 2576 Nonne

412 2648 424 2664 ¹
445 2637 529 2671 Psal.
542 2639 656 2675 xxxix,
674 2636 748 2680 6-9.
762 2638 802 2660 -“-
823 2643 837 2660 ²
854 2633 939 2668 Gen.
953 2644 993 2678 n,
1015 2633 1069 2670 23.
1081 2653 1123 2660 —
1138 2632 1290 2679 ³'Ephes.
1304 2629 1340 2672 νζ
1353 2629 1408 2667 δὲ.
1426 2650 1468 2658 ·-
1484 2633 1499 2661 ⁴
1515 2629 1605 2666 Ibid-
1621 2623 1678 2664 284
1690 2619 1739 2658 ‘—

368 2697 385 2723 ι
402 2695 490 2730 Gen.
504 2702 548 2725 ιν,
562 2690 596 2731 15,
612 2691 646 2724 5.
