1794 3256
339 254 398 299 68
892 265 923 294 s.
965 265 1159 295 munosu

397 347 563 392 XXIX.
601 345 805 389 Conclusi
833 344 978 402 itaque
1002 344 1220 402 undique,
1247 359 1297 388 eo
1314 345 1503 404 perfidiae
1519 348 1712 414 su‘aetqn«

338 425 527 465 tamenta
546 404 758 466 derivant,
778 423 826 458 ut
846 414 1096 458 incredibile
1114 430 1205 458 esse
1224 425 1436 466 asserant,
1453 418 1579 477 quod
1590 419 1710 481 Deus

342 487 576 547 susceperit
597 501 803 535 carnem;
829 500 910 543 qua
929 485 1093 528 ratione
1111 472 1252 529 autem
1270 502 1354 530 non
1374 488 1561 546 potuerit
1576 488 1711 532 susci-

341 576 463 620 pere,
488 558 699 617 explicare
721 572 806 599 non
823 564 1011 614 possunt.
1045 557 1200 609 Quaero
1221 558 1334 601 enim
1357 567 1500 601 utrum
1523 558 1712 617 impossi-

341 630 515 677 bilitatis
527 663 540 680 ,
560 644 611 672 an
628 628 794 686 injuriae
812 643 937 670 causa
955 627 1196 672 existiment
1214 644 1384 681 carnem
1403 645 1424 672 a
1441 630 1532 673 Deo
1554 630 1714 688 suscipi

342 698 610 759 nequivisse?
638 699 682 742 Si
715 698 1086 758 impossibilitatis,
1130 699 1288 757 aliquid
1322 715 1424 759 ergo
1451 699 1712 758 impossibile

341 773 432 817 Deo
453 788 462 812 ε
487 770 594 815 nihil
613 769 726 812 enim
741 778 804 812 cst
824 769 940 827 quod
960 769 1103 812 facere
1124 771 1309 813 voluerit
1322 803 1334 821 ,
1353 779 1396 814 et
1411 771 1550 814 facere
1567 771 1712 830 nequi-

344 843 464 886 verit.
498 841 700 898 Superest
727 855 827 899 ergo
857 848 906 882 ut
932 849 1003 882 aut
1022 841 1224 891 voluisse,
1252 850 1324 884 aut
1351 842 1536 885 noluisse
1558 843 1714 886 docea-

343 921 425 957 tur.
461 911 590 963 Quod
614 918 756 953 autem
781 909 919 968 majus
951 909 1158 953 indicium
1176 912 1425 964 voluntatis,
1452 928 1580 970 quam
1598 914 1715 971 quod

344 984 434 1042 ipse
450 982 581 1026 dixit:
606 982 782 1024 «Palam
807 981 982 1039 apparui
1008 996 1094 1024 non
1120 983 1506 1040 quaerentibus->me
1510 1016 1598 1029 .....
1629 986 1714 1028 Ex·-

344 1053 504 1111 »pandi
525 1066 676 1094 manus
696 1066 811 1094 meas
835 1053 887 1094 ad
913 1053 1123 1110 populum
1149 1068 1235 1095 non
1259 1055 1527 1105 credentem,
1549 1064 1594 1098 et
1609 1071 1716 1099 con-

343 1122 656 1165 a-tradicentem
668 1120 680 1143 ¹
699 1120 748 1163 P»
762 1120 806 1163 Si
822 1137 922 1179 ergo
941 1122 1072 1165 voluit
1085 1131 1128 1166 et
1141 1123 1280 1182 potuit
1293 1157 1304 1174 ,
1327 1139 1380 1166 an
1400 1134 1599 1182 putamus
1615 1141 1716 1169 eum

346 1209 472 1239 causa
489 1193 653 1251 injuriae
673 1193 885 1236 noluisse?
907 1193 961 1236 Et
986 1209 1115 1252 quam
1145 1195 1352 1238 Divinitas
1375 1196 1439 1238 sui
1460 1197 1587 1242 sentit
1607 1197 1716 1256 inju-

342 1265 452 1307 riam
466 1265 484 1307 Ρ
499 1265 659 1323 Expers
675 1264 790 1307 enim
806 1273 870 1308 est
886 1266 1176 1316 contumeliae,
1197 1282 1336 1324 neque
1350 1267 1545 1325 subjecta
1561 1269 1715 1312 nostris

346 1344 422 1378 est
426 1335 716 1394 passionibus·
704 1369 716 1386 ‚
736 1351 876 1394 neque
897 1336 1012 1379 enim
1037 1351 1136 1380 caro
1157 1339 1225 1381 vel
1241 1338 1545 1382 detrimentum
1560 1338 1717 1388 Divini-

346 1406 422 1449 tati
445 1406 595 1450 afferre
612 1406 772 1465 potuit,
794 1408 861 1450 vel
878 1416 1170 1465 augmentum.

405 1476 552 1521 XXX.
591 1477 676 1530 Qui
703 1485 847 1519 tamen
869 1477 953 1520 hoc
976 1478 1206 1535 objiciunt,
1232 1481 1362 1537 quod
1368 1480 1447 1523 Dei
1468 1480 1601 1523 Filius
1621 1495 1712 1524 car-

343 1561 444 1591 nem
477 1547 691 1606 suscipere
725 1563 812 1590 non
850 1548 1020 1606 potuit?
1051 1549 1096 1591 Si
1133 1549 1332 1607 gentiles,
1378 1550 1451 1607 qui
1484 1552 1585 1598 deos
1618 1566 1717 1596 suos

349 1617 575 1675 (quoniam
609 1617 804 1660 homines
827 1618 957 1661 fuisse
986 1610 1263 1676 negarenon
1294 1623 1496 1680 possunt)
1529 1623 1718 1675 humana

345 1687 487 1746 specie
506 1687 615 1730 visos
638 1702 729 1730 esse
751 1690 993 1734 testantur?
1014 1688 1082 1730 An
1103 1703 1179 1732 rex
1196 1704 1531 1749 'eorum,¹quem
1552 1692 1613 1736 illi
1632 1694 1717 1748 suis

347 1755 426 1801 diis
452 1755 658 1817 omnibus
679 1765 945 1815 anteponunt
960 1789 971 1807 ‚
999 1759 1255 1818 prodigiales
1284 1760 1441 1811 formas
1456 1763 1610 1822 ,potuit
1632 1760 1718 1822 pro

346 1841 491 1872 amore
507 1827 721 1885 suscipere
741 1842 751 1870 :
775 1826 967 1871 Christus
978 1843 1160 1882 ,carnem
1177 1830 1359 1885 hominis
1373 1864 1385 1882 ,
1405 1847 1532 1891 quem
1549 1834 1604 1877 ad
1614 1833 1722 1893 ima-g

346 1899 488 1958 ginem
514 1899 578 1942 sui
600 1899 725 1950 fecit,
751 1908 878 1958 atque
900 1901 1011 1944 illud·
1028 1903 1433 1960 praestantissimum
1455 1920 1562 1963 opus
1593 1921 1720 1961 suum

348 1970 563 2029 suscipere
590 1986 668 2029 pro
698 1971 848 2014 mundi
879 1973 1017 2016 salute
1036 1978 1124 2016 non
1142 1975 1308 2032 potuit‚·
1332 1983 1376 2019 et
1394 1976 1616 2034 pulchrius
1632 1976 1721 2029 illis

343 2041 513 2085 videtur
538 2049 711 2100 propter
734 2042 991 2086 adulterium
1015 2044 1141 2087 alieni
1162 2044 1418 2105 tori‚[‘quam
1445 2054 1635 2106 propter·
1652 2061 1719 2091 re·

347 2112 640 2171 demptionem
669 2112 862 2155 omnium
891 2112 1115 2158 hominum
1147 2115 1333 2174 speciem
1362 2117 1502 2168 carnis
1529 2132 1718 2177 assumpe

345 2181 460 2225 tam?
482 2182 611 2235 Quod
632 2182 666 2225 si
685 2181 711 2226 J
716 2183 859 2225 udaeus
883 2183 963 2227 hoc
981 2185 1156 2243 objicit,
1183 2181 1397 2244 quomodo
1414 2187 1516 2246 legit
1533 2203 1542 2230 :
1560 2205 1586 2228 ,α
1601 2187 1719 2231 Ecce
1785 2231 1791 2237 A

342 2251 502 2309 »Virgo
536 2251 716 2311 accipiet
745 2253 967 2304 in‘utero,
1004 2263 1047 2298 et
1071 2256 1208 2314 pariet
1230 2255 1365 2308 filium
1375 2274 1388 2307 ;
1422 2265 1466 2315 et
1493 2257 1723 2315 vocabitur

343 2339 360 2362 ι
375 2336 531 2364 nomen
552 2321 644 2380 ejus
664 2322 963 2375 Emmanuel',
983 2343 999 2366 2>
1023 2328 1143 2383 quod
1170 2335 1234 2369 est
1264 2328 1612 2387 interpretatum,
1643 2343 1721 2373 no-

343 2391 513 2435 biscum
537 2392 680 2435 Deus?
710 2393 939 2445 Quomodo
967 2396 1071 2455 legit
1099 2415 1108 2440 :
1142 2414 1158 2438 α
1181 2398 1294 2455 Ecce
1323 2400 1395 2456 qui
1425 2396 1631 2458 loquebar
1645 2401 1722 2454 ade,

345 2461 562 2505 nsum⁸i³n
595 2462 824 2515 Quomodo
852 2473 993 2510 autem
1020 2468 1196 2520 lectumr
1215 2470 1364 2513 asserit
1385 2485 1405 2521 ε,
1431 2488 1448 2510 α
1467 2470 1582 2514 Ecce
1606 2470 1725 2525 sicut,-

343 2532 579 2592 ‚panthera
583 2564 670 2577 .....
703 2542 746 2578 et
774 2535 884 2580 sicut
904 2552 1028 2581 ursus
1051 2538 1264 2598 aporiatus
1296 2555 1522 2585 occurram
1551 2539 1637 2586 eis‘⁴
1652 2542 1671 2584 ἱ)
1686 2558 1721 2594 ιι,

391 2635 401 2651 ¹
419 2626 498 2660 lsai.
511 2636 586 2665 ωιν,
603 2637 632 2668 1,
649 2638 679 2661 2.
697 2646 738 2653 —
754 2637 766 2654 ¹
788 2628 846 2664 Id.
863 2639 923 2672 vu,
945 2630 995 2672 14.
1014 2648 1050 2656 -
1066 2631 1149 2666 ³1d.
1167 2643 1237 2674 uu,
1250 2633 1339 2669 ὁμὴ
1359 2634 1373 2662 4
1390 2633 1572 2678 Osee-flu,
1589 2643 1625 2677 7,
1635 2631 1679 2677 8„
