1794 3256
342 290 424 346 392
893 302 923 328 s,
965 301 1154 329 Ananosu

341 378 532 436 proximo
551 392 625 420 suo
642 378 786 421 dicens
811 392 819 419 ε
837 378 960 420 «Hoc
983 377 1063 420 erit
1087 378 1128 420 in
1149 380 1440 424 testimonium
1463 381 1506 424 in
1522 381 1661 426 Israel.
1676 400 1693 422 »

342 457 385 494 et
411 450 579 492 dicebat
594 449 857 508 propinquus
882 463 891 490 :
910 468 923 486 ι·
951 448 1131 508 Accipe,
1154 458 1196 493 et
1218 451 1388 509 acquire
1409 452 1485 495 tibi
1502 461 1551 495 tu
1570 451 1600 495 ¹.
1623 472 1639 492 n
1654 453 1707 496 Et

340 522 528 564 solvebat
560 522 894 564 calceamentum
926 535 1062 563 suum.
1078 514 1306 565 ‘Dicebant
1330 523 1460 566 etiam
1487 523 1668 567 astantes
1692 539 1703 566 ε

354 593 474 635 «Det
504 592 580 634 tibi
607 591 814 634 Dominus
845 606 1046 641 uxorem,
1074 607 1167 649 quae
1197 593 1326 636 intrat
1353 595 1528 637 domum
1559 601 1676 637 tuam
1693 627 1705 645 ,

339 684 355 703 »
371 663 480 706 sicut
500 662 659 706 Rachel
675 670 717 705 et
731 662 840 715 sicut
855 661 927 704 Lia
942 695 954 711 ,
983 677 1077 720 quae
1097 662 1415 707 aedificaverunt
1431 673 1622 722 utraeque
1637 664 1709 708 do-

338 754 353 774 »
369 749 488 776 mum
512 734 665 783 Israel,
689 741 732 776 et
754 733 947 776 fecerunt
957 733 1154 777 virtutem
1178 734 1220 777 in
1236 735 1422 794 Ephrata
1443 735 1475 778 ².
1495 755 1512 776 n
1527 735 1611 778 Sed
1625 735 1708 779 hoc

339 821 390 847 ex
410 805 560 847 litterae
577 804 924 863 interpretatione
938 805 964 847 J
969 804 1319 864 udaeumligabat.
1338 806 1550 850 Caeterum
1575 806 1707 866 figura

338 884 454 925 erat,
483 876 599 933 quod
625 874 816 919 Christus
845 883 1047 919 venturus
1078 885 1190 920 esset
1214 877 1257 920 in
1290 886 1446 938 terras,
1468 879 1540 936 qui
1564 893 1708 922 semen

341 947 529 989 defuncti
560 946 708 1005 populi
738 947 1020 991 resuscitaret.
1055 948 1205 992 Merito
1228 948 1391 998 fratris3
1416 950 1514 1007 quia
1544 949 1708 993 dictum

341 1028 405 1062 est
424 1034 433 1061 ε
451 1037 467 1058 «
488 1018 677 1062 Narrabo
698 1033 854 1061 nomen
876 1027 997 1062 tuum
1019 1019 1220 1064 fratribus
1241 1020 1345 1064 meis
1362 1018 1403 1071 ¹;
1423 1029 1496 1064 »et
1520 1036 1563 1063 :a
1586 1021 1709 1074 Quo-

343 1110 359 1131 »
374 1105 466 1133 rum
489 1098 648 1149 patres,
667 1097 710 1131 et
731 1105 784 1132 ex
797 1090 951 1147 quibus
969 1091 1162 1134 Christus
1179 1094 1417 1135 secundum
1441 1107 1613 1136 carnem
1630 1091 1660 1135 ¹¹.
1681 1111 1698 1132 ι

343 1159 424 1203 Vel
444 1160 541 1218 quia
564 1159 839 1218 Evangelium
861 1161 1071 1204 defunctae
1090 1162 1212 1221 Legis
1233 1163 1543 1222 reparationem
1563 1178 1711 1222 opera-

342 1239 462 1274 retur
494 1231 537 1273 in
565 1231 770 1289 posteris,
809 1239 855 1274 nt
884 1246 1052 1283 semen,
1082 1234 1198 1290 quod
1226 1233 1313 1276 Lex
1342 1248 1429 1276 non
1461 1234 1708 1292 reliquerat,

343 1302 559 1361 Evangelii
582 1309 706 1344 tenor
726 1303 1008 1347 resuscitaret.

405 1373 533 1417 LXV.
561 1375 655 1417 Non
685 1374 842 1416 mirum
869 1390 969 1433 ergo
995 1376 1181 1435 si·caput
1202 1392 1325 1419 suum
1347 1392 1473 1436 prava
1502 1377 1712 1436 interpre-

348 1444 506 1486 tatione
526 1453 752 1488 moverunt
764 1462 776 1494 3
796 1454 844 1487 ut
857 1445 935 1503 ipsi
953 1461 979 1488 a
992 1461 1036 1489 se
1048 1447 1325 1490 deturbarent
1337 1446 1609 1506 sapientiam,
1628 1461 1714 1490 suae

348 1516 492 1558 salutis
516 1523 734 1558 auctorem
758 1531 768 1558 :
794 1524 866 1558 aut
885 1525 1002 1559 certe
1023 1520 1235 1561 movendo
1264 1527 1393 1577 caput
1418 1533 1565 1568 suum,
1589 1509 1715 1562 caffilsa
1775 1507 1777 1510 Ι

349 1586 472 1630 fieret
494 1587 792 1630 commotionis
814 1588 962 1646 capitis
987 1603 1072 1631 non
1094 1589 1264 1647 paucis;
1290 1591 1365 1633 sed
1383 1588 1562 1648 populis.
1585 1588 1715 1632 Com-

351 1657 485 1701 motio
517 1658 607 1702 haec
638 1658 787 1717 capitis
812 1658 921 1702 sacta
953 1667 1016 1702 est
1047 1675 1056 1702 :
1089 1660 1435 1718 quandoquidem
1471 1660 1516 1703 in
1543 1675 1715 1704 omnem

349 1737 507 1771 terram
530 1729 657 1772 exivit
673 1745 800 1772 sonus
821 1745 969 1772 eorum
985 1747 997 1780 3
1017 1739 1064 1773 ut
1086 1730 1209 1774 fieret
1229 1731 1368 1774 omnis
1384 1739 1496 1774 terra
1516 1731 1714 1782 Domini,

349 1807 393 1841 et
414 1814 591 1857 regnum
612 1799 785 1843 Domini
801 1808 911 1842 esset
932 1800 973 1842 in
987 1801 1240 1845 nationibus.
1264 1803 1383 1845 Unde
1397 1810 1440 1845 et
1453 1802 1496 1845 in
1508 1801 1718 1860 posterio-

350 1869 468 1911 ribus
490 1869 592 1912 dicit
626 1885 668 1912 t«
689 1870 895 1913 Dominus
928 1872 1143 1929 regnavit,
1176 1873 1413 1919 irascantur
1438 1872 1589 1931 populi
1601 1888 1618 1914 ’τ
1646 1872 1718 1930 qui

351 1941 500 1982 »sedes
522 1956 649 1998 super
666 1939 898 1982 Cherubim
914 1973 925 1990 ‚
944 1951 1165 1985 moveatur
1185 1951 1296 1985 terra
1312 1942 1344 1986 ⁵.
1366 1961 1382 1982 n
1396 1942 1526 1995 Quod
1538 1942 1717 2001 pulchre

346 2012 505 2069 Aquila
535 2011 836 2070 interpretatus
864 2021 948 2062 est,
994 2021 1040 2055 ut
1068 2018 1253 2070 ἀλάλαγμα
1292 2014 1477 2063 diceret3
1504 2014 1595 2064 ,hoc
1625 2021 1715 2063 ost,

352 2084 773 2132 transmutationem,
802 2100 895 2141 quae
923 2093 987 2127 est
1011 2086 1063 2128 de
1092 2087 1187 2128 loco
1215 2085 1269 2128 ad
1294 2087 1462 2136 locum,
1496 2087 1550 2128 de
1569 2073 1718 2130 Judaea

354 2158 406 2198 ad
438 2158 615 2214 populos
637 2156 872 2198 nationum.
901 2152 1029 2208 Quod
1049 2172 1100 2198 ex
1122 2172 1170 2199 ea
1192 2157 1375 2200 lectione
1400 2173 1493 2215 qnae
1515 2157 1559 2201 in
1585 2158 1719 2214 Evan-

352 2226 461 2285 gelio
485 2234 576 2277 est,
594 2226 754 2284 liquido
776 2227 932 2285 poterit
950 2227 1232 2278 manifestari,
1258 2228 1618 2286 quemadmodum
1633 2227 1720 2272 Lex

353 2304 470 2338 mota
505 2296 580 2345 sit,
616 2297 785 2339 dicente
815 2297 1033 2356 Scriptura
1058 2313 1101 2340 z«
1124 2297 1260 2356 Super
1292 2298 1539 2342 cathedram
1565 2297 1719 2356 Moysis

356 2386 372 2407 n
386 2369 587 2411 sederunt
605 2368 764 2411 Scribae
781 2377 824 2411 et
842 2369 1054 2412 Pharisaei.
1077 2370 1230 2414 Omnia
1251 2386 1351 2429 ergo
1368 2385 1462 2427 quae
1482 2361 1631 2414 dieunt
1643 2386 1720 2414 vo-

354 2458 371 2478 »
386 2438 474 2487 bis,
498 2447 659 2481 servate
678 2448 721 2482 et
741 2439 865 2483 facite
891 2456 901 2482 ε
928 2443 1163 2484 secundum
1187 2457 1314 2500 opera
1341 2456 1489 2485 eorum
1511 2441 1643 2484 nolite
1662 2441 1721 2485 fa-

355 2528 372 2550 »
389 2523 509 2557 cere;
536 2525 629 2566 quae
666 2511 780 2554 enim
811 2512 986 2561 dicunt,
1025 2521 1111 2555 non
1152 2512 1326 2555 faciunt.
1367 2510 1551 2570 Alligant
1579 2519 1720 2554 autem

403 2620 412 2635 ¹
433 2612 533 2645 Ruth.
553 2624 599 2653 iv,
616 2625 650 2657 7,
664 2613 696 2647 8.
715 2632 752 2639 —
771 2625 784 2641 ³
818 2615 904 2648 lbid.
927 2627 976 2653 ιι.
995 2633 1038 2642 ι·-
1056 2616 1066 2638 ³
1087 2610 1172 2653 Psaiss
1199 2626 1266 2651 xxx.
1287 2615 1334 2647 25·
1358 2632 1396 2639 -
1424 2615 1438 2642 ⁴
1462 2613 1558 2653 Rom,
1583 2625 1635 2656 ix,
1661 2614 1712 2661 ι5ἵ

355 2682 396 2699 ω’
417 2669 428 2689 ⁵
451 2667 533 2705 Psal·
553 2678 669 2716 xcvm,
692 2679 718 2703 ι.
