1794 3256
370 295 457 340 388
922 311 953 338 s.
992 311 1182 340 manosu

367 399 487 439 runt,
511 389 584 447 qui
600 397 768 447 curaret
790 389 949 431 animas
961 389 1245 432 laborantium
1259 423 1270 439 ‚
1288 399 1331 434 et
1347 391 1463 446 omni
1484 391 1732 451 aegritudine

365 470 408 504 et
420 461 702 520 inaequalitate
715 460 1075 503 incommoditatis
1094 462 1340 506 absolveret.
1357 463 1512 506 Factus
1525 471 1587 506 est
1604 462 1732 507 etiam

365 531 408 574 in
429 532 695 591 parabolam,
719 532 813 589 quia
842 547 1014 574 carnem
1037 533 1251 591 suscepit,
1278 549 1405 591 quam
1430 533 1734 577 crucifixerunt

362 601 526 651 Judaei,
556 618 641 645 non
663 601 944 660 intelligentes
977 602 1220 659 parabolam
1241 604 1484 661 spiritalem.
1511 604 1572 646 Eo
1599 618 1734 661 usque

363 671 478 713 enim
498 687 585 714 non
606 672 930 720 intellexerunt,
955 679 1002 714 ut
1027 686 1125 715 cum
1157 681 1373 716 auctorem
1391 674 1486 717 vitae
1510 672 1735 731 crucifige-

363 750 481 791 rent,
502 750 544 784 et
566 757 809 800 suspensam
827 742 869 784 in
893 757 1022 785 eruce
1043 751 1271 786 cernerent
1287 758 1460 786 carnem
1479 743 1651 787 Domini
1667 757 1735 786 sa⁶

362 811 568 859 lutarem,
584 812 807 854 moverent
817 821 955 870 caput.
980 812 1084 856 Nam
1099 813 1132 856 si
1152 813 1476 864 intellexissent,
1488 814 1637 871 utique
1649 823 1734 857 non

363 882 654 932 insultassent,
689 884 763 925 sed
786 883 1103 941 ingemuissent.
1135 883 1187 926 Et
1209 893 1353 927 tamen
1381 884 1470 942 ipsa
1500 885 1734 928 commotio

365 953 513 1011 capitis
537 953 615 995 illis
635 953 678 995 in
701 953 1022 997 similitudinem
1046 954 1193 1003 cessit3
1214 963 1356 996 utnon
1377 954 1460 998 hoc
1480 953 1736 1013 significaret

364 1025 562 1082 quodilli
591 1013 850 1074 sentiebant,
884 1026 959 1068 sed
981 1026 1093 1082 quod
1126 1026 1327 1082 mysteria
1359 1026 1642 1070 declarabant.
1669 1025 1735 1069 Illi

365 1096 481 1137 enim
517 1095 754 1138 secundum
789 1096 903 1153 vulgi
939 1111 1063 1137 usum
1100 1095 1349 1138 insultantes
1378 1096 1562 1139 Domino
1588 1111 1732 1141 move-

364 1166 469 1208 bant
489 1175 617 1224 caput
639 1181 760 1208 suum
783 1183 794 1215 3
819 1166 927 1207 sicut
943 1166 1014 1222 qui
1036 1163 1159 1222 justis
1186 1166 1389 1209 insultare
1407 1160 1671 1218 desiderant,
1701 1167 1736 1211 si

365 1237 474 1279 sorte
496 1252 568 1279 eos
590 1236 774 1279 viderint
799 1237 841 1278 in
862 1236 944 1278 hoc
967 1238 1123 1278 saeculo
1155 1235 1341 1294 fatigari,
1366 1245 1541 1280 movent
1561 1246 1702 1296 caput.

422 1306 533 1349 LXI.
553 1307 658 1358 Quae
670 1306 901 1349 commotio
912 1305 1059 1362 capitis
1072 1306 1290 1363 geminum
1310 1306 1573 1350 intellectum
1588 1307 1730 1350 habet.

364 1376 732 1434 Reprehensibiles
754 1376 868 1418 enim
895 1376 1093 1419 videntur
1120 1377 1357 1418 secundum
1382 1376 1612 1435 Scripturae
1634 1391 1737 1420 auc-

367 1446 604 1497 toritatem,
619 1447 876 1505 quimovent
889 1454 1039 1503 caput3
1059 1461 1157 1488 cum
1178 1446 1291 1489 dicat
1303 1455 1345 1489 et
1355 1447 1576 1490 Matthaeus
1593 1462 1604 1490 :
1621 1466 1637 1487 α
1652 1447 1737 1500 Qui

366 1534 383 1557 n
399 1517 654 1567 transibant,
693 1516 1045 1574 blasphemabant
1080 1516 1312 1558 Dominum
1340 1516 1487 1560 Je'sum
1519 1526 1737 1561 moventes

366 1605 384 1627 :o
398 1587 534 1645 capita
551 1586 646 1630 sua¹
655 1619 665 1630 .
688 1587 770 1629 »Et
789 1587 979 1630 Marcus:
997 1605 1012 1625 α
1026 1586 1111 1639 Qui
1128 1587 1400 1645 praeteribant
1413 1587 1443 1631 ².
1467 1588 1714 1632 »Transeun
1737 1614 1740 1620 n

366 1666 430 1701 tes
448 1666 590 1701 autem
611 1659 727 1716 quod
747 1658 1098 1716 reprehensibiles
1109 1658 1393 1716 aestimentur,
1419 1660 1545 1703 docet
1555 1659 1662 1703 hic
1650 1673 1739 1719 ipse

365 1727 597 1786 Propheta,
612 1729 685 1786 qui
707 1728 809 1771 dicit
825 1729 878 1771 de
898 1729 1019 1772 vinea
1037 1727 1252 1771 Sabaoth:
1270 1748 1286 1769 α
1298 1717 1358 1772 Et
1366 1728 1628 1773 vindemiant
1643 1745 1739 1773 eam

369 1813 546 1841 »omnes
587 1807 854 1841 transeuntes
888 1798 1025 1841 viam³
1032 1831 1042 1840 .
1070 1817 1086 1838 n
1108 1799 1307 1856 Denique
1353 1807 1396 1842 et
1435 1800 1509 1859 qui
1549 1800 1740 1858 sequitur

369 1882 514 1911 versus
529 1901 540 1918 ,
552 1868 634 1911 hoc
655 1869 815 1926 signat:
832 1886 848 1908 α
865 1869 1106 1914 Devastavjt
1116 1885 1210 1911 eam
1228 1885 1331 1927 aper
1351 1871 1404 1912 de
1424 1872 1541 1928 sylva
1554 1902 1566 1919 ,
1589 1878 1632 1913 et
1650 1870 1738 1913 sin-

369 1940 526 1997 gularis
549 1940 663 1982 ferus
686 1940 884 1997 depastus
913 1948 976 1982 est
992 1939 1127 1983 eam‘.
1147 1958 1163 1980 »
1177 1941 1230 1983 Et
1256 1941 1299 1983 in
1321 1941 1626 1999 posterioribus
1648 1941 1705 1984 ait
1725 1955 1735 1983 ε

381 2026 399 2048 α
414 2008 466 2052 Et
482 2024 569 2052 non
600 2009 797 2052 dixerunt
824 2018 1090 2068 transeuntes
1121 2010 1232 2053 viam
1254 2026 1264 2053 ε
1288 2011 1538 2055 Benedictio
1569 2010 1740 2055 Domini

370 2093 528 2136 »super
555 2079 650 2121 vos⁵
665 2096 677 2129 ς
702 2098 718 2120 »
741 2095 792 2122 eo
829 2080 944 2137 quod
965 2080 1037 2137 qui
1068 2080 1242 2130 transit,
1267 2084 1309 2124 et
1330 2096 1416 2124 non
1440 2089 1521 2125 stat
1551 2082 1595 2124 in
1624 2082 1739 2125 atriis

370 2147 567 2199 Domini,
587 2163 670 2192 non
691 2150 1131 2203 datbenedictionem.
1158 2151 1220 2193 Ita
1235 2166 1337 2209 ergo
1351 2151 1377 2194 J
1381 2152 1490 2195 udaei
1509 2153 1762 2205 movebant,

373 2226 501 2275 caput
516 2233 642 2276 super
661 2220 892 2263 Dominum
907 2219 1052 2263 Jesum
1068 2253 1080 2271 ,
1102 2229 1150 2263 ut
1170 2221 1434 2280 praeterirent
1448 2253 1461 2271 ,
1470 2221 1546 2279 qui
1567 2220 1740 2264 firmum

374 2287 642 2346 solidumque
672 2288 773 2333 fidei
800 2290 1022 2349 vestigium
1052 2290 1211 2335 habere
1239 2307 1325 2335 non
1359 2300 1569 2350 poterant.
1596 2293 1740 2338 Move„

372 2358 477 2401 bant
498 2367 639 2402 autem
664 2369 791 2419 caput
807 2376 931 2403 suum
945 2394 956 2410 ‚
975 2376 1156 2420 quorum
1179 2371 1308 2420 caput
1331 2362 1523 2406 Christus
1551 2378 1642 2406 esse
1663 2361 1740 2406 ‹le-¹

372 2428 545 2480 buerat,
574 2446 700 2488 quem
723 2447 808 2474 non
831 2432 978 2475 debuit
1008 2433 1224 2475 dimovere
1249 2442 1292 2475 et
1314 2434 1541 2476 deturbare
1562 2431 1738 2491 perfidia

370 2499 632 2544 Judaeorum.
654 2501 842 2560 Sedquia
853 2518 939 2545 non
954 2503 1062 2561 passi
1073 2511 1171 2548 sunt
1185 2504 1376 2546 membra
1394 2518 1438 2547 se
1455 2519 1545 2547 esse
1555 2503 1710 2548 Christi
1723 2536 1735 2554 ‚

417 2603 568 2636 ·.Mauh
573 2613 689 2651 xxvn,
707 2605 760 2647 59.
785 2621 824 2630 -
844 2605 974 2638 ²Marc
994 2616 1045 2645 xv,
1066 2606 1528 2650 29—3Psal.1.xxix,15.—-
1547 2603 1661 2639 uhid
1684 2604 1737 2645 ιζ.

370 2669 411 2682 ⁸-
427 2655 441 2681 5
462 2657 511 2691 ld
533 2668 672 2699 cxxvni,
686 2659 720 2692 8
