1794 3256
374 261 432 314 34
926 273 957 300 s.
997 270 1190 302 Aunnosu

371 351 483 412 pulis
510 349 843 395 contubernium
861 349 978 408 pium
1002 349 1164 393 factum
1187 358 1276 401 est,
1301 365 1401 395 cum
1423 351 1612 396 Verbum
1639 368 1742 399 caro

371 424 533 467 factum
549 430 624 466 est.
647 421 740 465 Non
758 429 857 464 sunt
874 420 989 463 enim
1010 420 1197 479 legitima
1215 422 1428 466 consortia
1444 422 1685 468 Divinitatis
1700 433 1745 475 et
1787 431 1789 433 ’

370 495 511 539 carnis
534 500 543 537 ὲ
568 508 647 536 nec
677 500 725 535 ut
748 494 934 550 quodam
958 491 1117 534 foedere
1143 493 1403 536 conveniunt
1424 501 1587 541 naturae
1602 509 1744 546 ,caro

371 565 523 608 animae
539 572 582 607 et
602 564 739 607 anima
761 563 893 613 carni,
916 563 972 605 ita
988 561 1116 605 etiam
1130 561 1338 606 Divinitas
1360 572 1404 608 et
1421 579 1520 608 caro
1535 564 1637 623 justi
1654 581 1746 610 ser·
1775 589 1778 591 ·

373 640 475 678 vant
502 636 688 692 quodam
714 635 843 676 modo
871 633 953 676 tori
983 634 1135 692 legem.
1170 633 1369 693 Suscepit
1399 649 1573 678 carnem
1598 635 1711 680 Deus
1729 669 1743 688 ,
1790 632 1793 633 ⁷

373 704 597 763 assumpsit
617 705 833 753 animam,r
844 720 920 761 per
943 703 1188 747 inusitatam
1206 719 1285 748 nec
1302 704 1535 763 legitimam
1556 705 1748 751 incarna-

369 775 530 818 tionem
547 775 811 817 consortium
833 773 933 818 secit
953 789 1047 817 esse
1063 774 1318 832 legitimum,
1337 783 1386 819 ut
1402 774 1457 819 sit
1472 775 1588 820 Deus
1603 777 1747 821 omnia

370 844 414 888 in
437 844 651 887 omnibus.

430 916 496 958 LI.
534 915 726 972 Denique
752 923 800 957 ut
823 915 929 958 scias
951 930 1042 958 esse
1067 916 1348 974 mysterium,
1374 917 1657 979 interpretare
1680 934 1749 964 vo-

367 988 535 1031 cabula.
562 986 699 1028 David
723 985 837 1028 enim
861 985 1017 1043 accipis
1032 985 1075 1028 in
1092 994 1194 1046 typo
1214 986 1389 1039 Christi,
1408 989 1646 1034 Bethsabee
1662 988 1750 1033 filia

375 1056 556 1106 sabbati,
582 1063 654 1098 aut
671 1054 757 1097 filia
772 1056 915 1113 plena,
934 1057 1002 1098 vel
1025 1064 1179 1113 puteus
1197 1057 1354 1101 dicitur
1369 1058 1612 1117 juramenti.
1633 1059 1752 1114 Quid

374 1127 503 1186 igitur
526 1125 779 1184 expressius,
804 1140 932 1182 quam
953 1127 1070 1183 quod
1090 1125 1176 1169 filia
1192 1126 1357 1174 sabbati
1370 1125 1470 1174 caro
1488 1130 1645 1175 Christi
1660 1138 1749 1183 θέης
1782 1146 1790 1155 ⁴

377 1197 475 1255 quia
496 1196 611 1239 misit
639 1196 753 1238 Deus
776 1196 934 1238 Filium
956 1211 1081 1239 suum
1105 1197 1266 1241 sactum
1289 1214 1342 1241 ex
1364 1200 1569 1253 muliere,
1589 1200 1758 1245 facturn-
1788 1227 1794 1233 ⁴

375 1268 454 1311 sub
476 1267 589 1325 Lege
609 1266 627 1309 P
654 1267 815 1309 Eadem
835 1268 959 1326 plena
981 1299 993 1317 ,
1022 1268 1121 1324 quia
1148 1267 1190 1310 in
1210 1268 1406 1327 passione
1430 1271 1524 1330 ejus
1545 1271 1668 1330 Legis
1688 1279 1754 1316 est

376 1336 614 1397 plenitudo,
634 1337 701 1378 vel
716 1336 814 1393 quia
836 1338 958 1395 plena
975 1337 1107 1394 gratia
1125 1337 1306 1396 Spiritus
1323 1341 1473 1385 sancti,
1493 1341 1618 1385 Jesus
1634 1341 1754 1384 enim

378 1409 476 1467 plen
484 1423 530 1451 us
551 1406 709 1464 Spiritu
723 1415 870 1450 sancto
885 1423 1099 1464 regressus
1117 1416 1180 1451 est
1196 1424 1217 1452 a
1233 1409 1260 1452 J
1262 1406 1614 1455 ordane.‘Eadem
1623 1413 1753 1458 etiam

379 1486 534 1538 puteus
551 1477 798 1534 juramenti,
824 1477 906 1520 hoc
928 1485 1008 1527 est,
1034 1478 1249 1536 religionis
1270 1479 1447 1524 etifidei.
1469 1481 1535 1525 Et
1549 1484 1659 1528 bene
1679 1499 1755 1543 pu·

378 1557 497 1593 teus:
518 1548 616 1605 quia
638 1547 817 1591 [lumina
839 1550 892 1590 de
914 1556 1063 1591 ventre
1084 1548 1177 1606 ejus
1198 1548 1340 1604 ssuent¹
1358 1548 1754 1610 aquae'vivai.'Hanc

378 1635 480 1678 ergo
501 1610 718 1662 assumens
741 1618 821 1660 sibi
837 1618 950 1661 Deus
967 1617 1178 1669 Verbum,
1198 1622 1398 1680 copulam
1420 1618 1628 1682 fecitiisse
1647 1625 1756 1684 legi-

381 1692 560 1734 timam:
589 1691 706 1747 quod
732 1689 986 1747 mysterium
1020 1689 1101 1734 illae
1133 1691 1293 1750 nuptiae
1322 1692 1639 1753 designarunt}
1659 1711 1754 1754 quae
1787 1699 1791 1702 ’

382 1771 483 1808 sunt
504 1762 546 1804 in
570 1761 754 1804 Canticis
779 1761 1072 1812 canticorum,
1099 1762 1256 1820 quibus
1286 1762 1454 1808 Christo
1481 1765 1686 1825 Ecclesia,
1710 1774 1756 1811 et

382 1832 560 1891 Spiritui
593 1847 692 1874 caro
718 1832 853 1875 nubit.
880 1833 932 1875 Et
959 1833 1055 1876 ideo
1079 1832 1446 1880 circumcursabat
1467 1843 1511 1879 et
1538 1836 1756 1894 quaerebat
1781 1833 1794 1879 'j

384 1905 544 1961 ubique
559 1903 636 1947 Dei
654 1903 857 1954 Verbum,
883 1904 981 1961 quia
1001 1905 1236 1956 vulnerata,
1262 1906 1360 1964 quia
1376 1908 1507 1958 nuda,
1526 1907 1626 1966 quia
1641 1908 1759 1952 adul-

386 1983 475 2019 tera
501 1975 545 2016 in
578 1974 775 2016 omnibus
794 2007 806 2024 ,
837 1975 912 2017 etsi
943 1975 1214 2019 immaculata
1243 1976 1287 2019 in
1320 1973 1519 2030 Christo,
1541 1978 1759 2041 quaerebat

381 2060 487 2089 caro
508 2045 662 2088 misera
683 2046 1014 2102 redemptorem.
1494 2097 1498 2100 ,

445 2116 532 2159 LlI.
571 2115 689 2157 Hanc
710 2115 790 2157 sihi
815 2115 1006 2158 Christus
1021 2115 1175 2173 junxit,
1201 2125 1248 2160 ut
1270 2117 1589 2162 immaculatam
1607 2119 1758 2163 redde·

385 2193 455 2229 ret
477 2200 486 2227 :
512 2185 624 2227 hanc
655 2185 851 2235 sociavit,
880 2193 928 2230 ut
960 2186 1143 2230 auferret
1172 2188 1444 2233 adulterium.
1471 2190 1525 2234 Et
1544 2189 1644 2248 quia
1675 2189 1757 2233 sub

385 2255 501 2313 Lege
526 2262 632 2304 erat,
656 2255 925 2298 moriendum
946 2250 1042 2308 suit,
1065 2266 1115 2301 ut
1133 2250 1388 2313 liberaretur
1409 2275 1432 2303 a
1453 2259 1584 2318 Lege,
1609 2268 1659 2304 'ut
1681 2274 1759 2319 per

385 2324 508 2368 illam
526 2333 709 2368 mortem
728 2328 842 2369 velut
858 2329 1073 2384 quoddam
1093 2328 1197 2387 legis
1217 2337 1261 2372 et
1282 2330 1421 2388 carnis
1431 2330 1759 2375 matrimonium

384 2396 635 2439 solveretur.
665 2396 830 2440 Mortua
851 2406 915 2441 est
931 2398 1059 2456 igitur
1081 2400 1124 2443 in
1148 2399 1318 2444 Christo
1340 2413 1464 2457 cam,
1485 2409 1535 2446 ut
1551 2400 1632 2445 n'os
1646 2415 1761 2445 mor-

386 2464 537 2509 tificati
557 2465 639 2522 legi
655 2482 731 2524 per
748 2482 902 2526 corpus
926 2468 1106 2525 Christi,
1127 2470 1239 2514 sicut
1259 2469 1488 2529 Apostolus
1506 2471 1630 2523 dixit,
1650 2483 1763 2516 csse-

388 2551 485 2580 mus
511 2537 682 2580 alterius
702 2538 775 2595 qui
797 2554 849 2582 ex
867 2540 1045 2584 mortuis
1071 2541 1324 2592 resurrexit,
1342 2549 1395 2594 et
1405 2542 1624 2602 passiones
1643 2542 1762 2602 cupi-

382 2605 629 2668 ditatesque
660 2609 822 2663 carnis,
866 2619 909 2656 et
942 2611 1219 2674 cogitationes
1249 2621 1527 2677 peccatorum
1555 2628 1650 2675 quae
1670 2627 1761 2677 „Per
