1794 3256
308 287 334 314 a
347 286 394 313 ιε
613 297 616 299 v
726 324 729 325 ⁷
861 284 895 312 s.
931 283 1126 313 Annnosu

302 372 395 408 tam
415 379 467 407 ex
488 362 683 422 Virgine,
715 377 886 405 carnem
916 360 1077 420 Spiritu
1099 361 1176 405 Dei
1200 361 1243 406 in
1269 363 1444 407 Mariam
1475 379 1675 424 superve-

307 435 454 479 niente
483 442 750 493 generatam,
788 449 881 490 quae
908 431 950 476 in
975 434 1098 487 nullo
1132 432 1386 493 discrepavit
1414 451 1435 479 a
1465 435 1677 494 snpientia!

310 505 569 564 disciplinis,
601 503 813 548 interioris
847 503 1031 546 hominis
1065 513 1255 548 exortem
1289 506 1417 549 fuisse
1446 506 1676 556 vin-ustum,

309 577 456 622 necin
487 592 589 620 usus
620 576 712 635 ejus
733 576 912 619 transire
935 575 1146 634 potuisse;
1175 591 1274 620 cum
1303 593 1432 637 supra
1461 577 1679 621 hominem

311 649 439 693 fuerit
456 650 571 707 quod
599 656 716 691 tactu
732 647 825 704 ejus
841 647 1100 690 sanabantur
1116 647 1414 706 aegroti,caecis
1431 648 1679 691 refundeba-
1718 702 1726 708 ·

312 729 384 764 tur
403 727 614 779 aspectus,
628 719 786 762 mortui
804 718 1078 777 resurgebant
1091 718 1109 761 P
1122 719 1424 778 Competenter
1433 735 1533 778 ergo
1546 719 1681 778 serip-

313 802 405 838 tum
419 801 507 835 est:
525 791 611 835 «Os
629 791 729 848 justi
742 790 1017 833 meditabitur
1036 791 1287 850 sapientiam
1300 809 1313 842 ;
1327 811 1344 832 ι
1364 807 1416 837 eo
1438 793 1552 850 quod
1570 799 1680 835 totus

313 864 443 908 homo
464 862 516 906 sit
537 862 758 921 spiritalis,
781 877 867 904 non
888 861 1039 919 utique
1063 871 1258 905 terrenus
1266 879 1279 912 ς
1308 862 1443 920 qualis
1464 862 1683 909 enimter—

310 949 462 981 renus,
485 935 589 976 tales
612 941 654 975 et
676 932 833 975 terreni
854 949 863 974 t
890 940 932 975 et
954 932 1088 990 qualis
1111 933 1314 983 coelestis,
1345 935 1445 977 tales
1468 941 1511 977 et
1532 933 1683 977 coeles-

311 1013 388 1048 tes.
421 1003 539 1047 Abiit
566 1018 666 1061 ergo
702 1012 920 1052 terrenus,
959 1003 1162 1046 remansit
1195 1004 1391 1047 coelestis.
1424 1004 1610 1061 ideoque
1640 1002 1681 1045 in

310 1084 505 1134 tempora
524 1073 821 1131 Redemptoris
837 1073 1023 1128 referens
1045 1074 1253 1132 Propheta
1273 1107 1284 1123 ,
1310 1073 1636 1123 «Meditabitur,
1657 1091 1672 1112 υ

313 1146 446 1205 dixit:
465 1146 567 1189 licet
585 1161 693 1187 unus
715 1159 739 1187 e
762 1145 978 1203 pluribus,
1001 1165 1016 1184 α
1034 1146 1285 1197 Meditatur‚
1308 1165 1324 1185 υ
1346 1133 1578 1204 scripseritJ
1596 1143 1683 1188 Nec

313 1217 515 1261 abhorre-t
540 1231 562 1259 a
594 1231 748 1264 sonsu;
778 1216 874 1272 quia
905 1215 1214 1274 Prophetarum
1247 1216 1410 1275 spiritui
1437 1218 1577 1259 littura
1605 1229 1684 1273 pro

309 1287 595 1348 praesentibus
619 1295 732 1329 sunt.
760 1285 842 1329 Alii
865 1295 1015 1344 putant
1036 1303 1082 1330 os
1107 1303 1184 1345 pro
1210 1279 1685 1331 menic.dictu111.'Pul-

309 1361 415 1404 chre
450 1367 590 1402 autem
619 1358 730 1401 istud
760 1359 952 1416 exposuit
978 1359 1101 1401 nobis
1138 1358 1338 1401 Salomon
1372 1359 1518 1402 dicens
1557 1357 1679 1414 (55):

323 1450 341 1470 ε
357 1430 550 1474 Narratio
567 1428 668 1487 justi
685 1444 852 1487 semper
869 1428 1072 1486 sapientia
1094 1444 1104 1471 :
1125 1430 1278 1472 stultus
1301 1437 1444 1473 antem
1461 1429 1571 1472 sicut
1586 1430 1683 1471 luna

314 1521 330 1543 ι
345 1499 555 1545 mutatur¹
574 1517 585 1549 ;
606 1518 622 1539 ³»
645 1499 688 1541 id
707 1507 770 1542 est
786 1532 795 1547 ,
821 1498 935 1556 quod
955 1515 1064 1557 saepe
1092 1499 1296 1550 variotur,
1325 1499 1464 1543 necin
1487 1515 1561 1542 sna
1590 1514 1680 1557 per*

314 1580 478 1617 sevorot
495 1570 723 1620 sententia,
750 1578 793 1613 et
820 1579 1022 1628 tanquam
1049 1571 1091 1613 in
1119 1570 1304 1614 tenebris
1325 1572 1472 1614 lumen
1495 1570 1686 1615 videatur

313 1644 535 1688 offundere
551 1675 562 1692 ‚
587 1657 667 1685 nec
690 1650 847 1685 tenere.
1538 1654 1540 1656 ·

372 1714 502 1758 LXV.
541 1712 604 1756 Sit
620 1727 720 1770 ergo
743 1712 819 1754 tibi
837 1727 1006 1770 semper
1026 1713 1068 1755 in
1085 1714 1215 1756 corde
1235 1722 1374 1757 etei-e
1387 1713 1610 1758 ,meditatio
1627 1727 1688 1756 sa-

314 1785 484 1844 pientiae
502 1818 512 1834 ,
538 1793 582 1827 et
606 1784 748 1842 lingua
776 1790 849 1825 tua
872 1784 1071 1840 loquatur
1094 1784 1300 1840 judicium
1317 1818 1327 1835 ,
1356 1786 1424 1829 lex
1446 1785 1523 1828 Dei
1538 1775 1623 1832 ‘tui
1645 1784 1686 1827 in

317 1859 446 1901 corde
469 1865 542 1899 tuo
569 1855 635 1898 sit.
662 1854 763 1898 Ideo
783 1853 860 1896 tibi
877 1853 981 1896 dicit
1002 1854 1221 1914 Scriptura
1239 1859 1292 1898 τι
1308 1855 1515 1914 Loqueris
1541 1855 1584 1897 in
1607 1853 1687 1898 illis

315 1929 496 1971 »sedens
528 1926 570 1969 in
602 1928 755 1975 doum,
795 1926 1017 1970 ambulans
1049 1927 1092 1970 in
1122 1927 1213 1978 via,
1247 1928 1506 1977 dormitans,
1547 1941 1688 1969 resur·

315 1998 491 2059 »gens².
515 2017 531 2037 »
555 1997 799 2054 Loquamur
822 2012 922 2056 ergo
950 1998 1183 2051 Dominum
1203 1999 1375 2050 Jesum3
1399 1999 1496 2057 qnia
1515 1998 1603 2057 ipse
1623 2006 1688 2041 ost

313 2069 529 2128 Sapientia
546 2101 557 2118 ,
583 2068 672 2126 ipse
694 2075 758 2110 est
784 2067 971 2111 Verbum
996 2077 1040 2112 ct
1062 2069 1250 2113 Verbum
1271 2070 1361 2123 Dei.
1400 2070 1506 2114 Nam
1528 2077 1576 2113 et
1603 2069 1686 2112 hoc

314 2140 522 2198 scriptum
538 2147 626 2182 est:
644 2138 797 2198 «Aperi
816 2154 861 2182 os
881 2148 1002 2182 tuum
1019 2141 1148 2183 verbo
1161 2141 1252 2184 Dei.
1268 2159 1284 2181 η
1299 2141 1440 2199 Ipsum
1455 2139 1600 2198 spirat,
1613 2138 1688 2196 qui

314 2226 533 2255 sermones
548 2210 640 2268 ejus
658 2218 850 2261 resonat,
870 2219 912 2253 et
935 2211 1063 2254 verba
1085 2212 1334 2256 meditatum
1357 2212 1503 2271 Ipsum
1521 2225 1688 2269 semper

314 2285 553 2341 loquamur.
579 2281 688 2324 Cum
712 2283 764 2325 de
786 2282 990 2341 sapientia
1018 2284 1249 2342 loquimur,
1278 2284 1367 2343 ipse
1392 2292 1484 2326 est:
1508 2297 1608 2325 cnm
1635 2281 1689 2324 (le

312 2355 471 2398 virtute
486 2353 703 2410 loquimur
717 2387 728 2403 ,
742 2353 832 2412 ipse
849 2361 912 2396 est
932 2369 942 2396 z
962 2370 1062 2398 cum
1083 2356 1136 2398 de
1161 2355 1322 2414 justitia
1342 2354 1575 2412 loquimur,
1599 2352 1690 2410 ipse

313 2434 399 2470 est:
422 2440 522 2468 cum
542 2425 594 2468 de
607 2439 712 2482 pace
729 2425 959 2482 loquimur,
975 2426 1063 2485 ipse
1080 2435 1165 2470 est:
1185 2442 1282 2470 cum
1301 2421 1353 2469 de
1366 2426 1542 2470 veritate
1553 2423 1689 2468 etvita

303 2506 358 2542 et
374 2496 670 2555 redemptione
680 2496 913 2554 loquimur,
928 2498 1016 2555 ipse
1025 2506 1100 2542 est.
1117 2497 1245 2556 Aperi
1259 2515 1305 2541 os
1322 2506 1441 2541 tuum
1452 2496 1528 2541 Dei
1541 2494 1686 2544 verbo,

306 2568 521 2627 ⁴scriptum
543 2576 630 2610 est:
648 2567 739 2610 «Tu
762 2568 899 2627 aperi,
918 2568 988 2612 ille
1010 2570 1220 2629 loquetur.
1242 2570 1374 2618 »ideo
1397 2568 1501 2613 dixit
1520 2565 1656 2612 David
1673 2579 1694 2615 ε,

355 2673 370 2690 ¹
390 2662 493 2697 Eccli.
508 2673 614 2704 nvn,
637 2671 685 2698 n.
705 2679 747 2689 -
764 2671 777 2689 ⁹
798 2662 896 2698 Deut.
916 2673 962 2707 yn,
979 2674 1014 2710 7.
