1794 3256
289 367 297 375 .
321 337 410 395 446
875 357 907 385 s.
947 354 1139 386 amansii

311 446 401 479 esse
422 440 755 494 commemorat;
775 433 978 492 quoniam
999 434 1071 492 qui
1093 435 1377 497 desperaverit
1394 432 1651 480 medicinam
1664 468 1677 487 ‚

315 521 439 554 sanus
457 522 547 550 esse
567 521 653 549 non
675 505 844 564 poterit.
867 505 919 547 Et
941 505 1037 552 ideo
1048 506 1249 557 omnibus
1265 515 1383 566 grata
1402 502 1467 551 est
1487 503 1684 554 mansue-—

318 579 443 630 tudo,
465 594 558 643 quae
580 580 754 633 vulnera
775 577 1026 621 interiorum
1044 586 1167 629 curat
1184 579 1439 623 animorum.
1656 573 1659 575 ’

372 649 423 693 11.
451 649 664 699 Venturus
686 649 814 709 igitur
835 649 888 691 ad
917 657 1120 707 aegrotos,
1153 657 1358 694 venturus
1382 658 1430 694 ut
1457 651 1651 696 medicus
1670 685 1682 727 ,

317 719 437 782 qui,D
413 720 551 763 ‹rt-avia
573 722 717 764 ulcera
734 728 878 764 nostra
905 728 1096 771 curaret;
1122 718 1434 766 medicamenta
1452 721 1690 782 proponit,

319 795 365 833 nt
375 790 544 835 videant
563 791 782 841 homines,
807 799 851 835 et
868 776 919 834 ad
937 791 1174 835 remedium
1194 790 1338 836 salutis
1360 783 1445 836 fida
1463 794 1688 839 sedulitate

320 870 588 904 concurrant.
621 861 693 904 Sic
723 861 860 904 main
886 861 1113 920 Evangelio
1135 862 1294 906 meruit
1321 863 1573 915 sanitatem,
1594 872 1688 923 quae

319 931 528 990 prossuvio
556 932 769 991 sanguinis
799 948 876 990 per
896 932 1124 976 duodecim
1147 949 1280 977 annos
1303 934 1524 978 laborabat
1542 933 1575 979 ¹.
1606 934 1688 979 Au-

321 1002 425 1046 divit
445 1003 662 1045 medicum
691 1002 854 1045 venisse
868 1035 880 1052 ,
906 1002 1119 1046 festinavit
1145 1003 1393 1062 contingere
1413 1003 1562 1047 dicens
1579 1003 1691 1047 2181

320 1072 527 1131 »tetigero
549 1072 763 1115 fimbriam
774 1072 866 1130 ejus
878 1106 890 1124 ,
916 1075 1029 1116 salva
1046 1089 1119 1117 ero
1133 1073 1164 1117 ².
1184 1074 1328 1117 »Intra
1345 1089 1389 1116 se
1407 1074 1490 1133 hoc
1510 1073 1630 1124 dixit,
1648 1082 1692 1117 et

324 1142 516 1185 Christus
533 1142 692 1186 audivit
719 1159 728 1185 ε
754 1151 797 1185 et
821 1143 960 1201 tetigit
982 1142 1220 1196 fimbriam,
1245 1152 1288 1188 et
1307 1145 1439 1188 virtus
1464 1145 1516 1188 de
1545 1143 1692 1188 Salva-

324 1221 416 1255 tore
443 1213 676 1271 processit,
702 1228 796 1270 quae
826 1213 990 1256 curavit
1019 1228 1201 1277 aegram,
1227 1213 1411 1258 firmavit
1439 1214 1690 1264 invalidam,

323 1284 579 1343 profluvium
601 1285 770 1334 statuit,
787 1284 989 1342 pietatem
1005 1284 1212 1342 probavit.
1234 1285 1438 1328 Similiter
1448 1300 1549 1343 ergo
1563 1285 1692 1328 ethic

326 1369 473 1401 omnes
493 1362 640 1418 gentes
661 1362 785 1400 vocat
808 1356 862 1397 ad
883 1355 1096 1413 sapientiae
1113 1355 1272 1408 sontem
1291 1363 1416 1412 atque
1431 1355 1689 1418 prudentiae:

327 1426 665 1484 redemptionem
701 1426 900 1469 omnihus
934 1425 1183 1484 pollicetur,
1225 1435 1275 1469 ut
1309 1440 1437 1469 nemo
1478 1426 1691 1484 trepidet,

327 1511 451 1538 nemo
470 1496 684 1556 desporet,
706 1497 782 1539 ubi
798 1497 940 1541 nullus
960 1496 1194 1558 excipitur,
1223 1497 1298 1539 sed
1317 1494 1455 1539 omnis
1470 1495 1610 1539 anima
1627 1495 1695 1539 in—

327 1565 483 1608 vitatur
503 1567 555 1609 ad
578 1566 752 1624 gratiam
766 1600 777 1617 ‚
795 1573 844 1608 ut
865 1565 954 1609 sine
977 1566 1112 1624 pretio
1128 1565 1363 1610 redimatur
1387 1581 1411 1609 a
1433 1564 1636 1616 crimine‘,
1651 1574 1696 1612 et

329 1627 516 1681 fructum
533 1638 628 1681 vitae
646 1637 903 1697 adipiscatur
922 1645 1103 1681 aeternoe.

384 1707 462 1754 ΙΙΙ.
478 1708 558 1756 llic
571 1723 716 1763 sensus
731 1717 794 1751 est
808 1708 964 1751 Psalmi
980 1742 991 1759 ‚
1010 1723 1135 1767 quem
1156 1723 1232 1752 suo
1254 1708 1404 1752 ordine
1428 1708 1667 1767 digeremus
1680 1740 1693 1758 ‚

328 1794 427 1822 cum
451 1779 780 1838 explicuerimus
798 1779 1064 1838 superiorum
1086 1780 1171 1823 vim
1191 1781 1523 1838 qualitatemque
1548 1779 1698 1823 verbo—

330 1847 438 1892 rum.
465 1849 774 1913 Praecipiuntur
793 1850 907 1892 enim
931 1850 1078 1893 audire
1101 1859 1245 1909 gentes
1260 1884 1273 1901 ,
1295 1858 1340 1893 et
1367 1850 1540 1893 auribus
1562 1849 1698 1909 perci*

328 1935 432 1985 pere
449 1921 520 1982 qui
537 1919 775 1964 inhabitant
794 1921 942 1963 orbem
965 1929 1100 1964 terrae.
1131 1922 1256 1964 Illum
1276 1922 1424 1980 utique
1445 1921 1593 1964 orbem
1615 1929 1699 1964 ter-

330 1999 475 2033 rarum
491 2023 501 2042 ,
526 1992 578 2032 dc
598 2006 682 2049 quo
700 2005 825 2048 supra
843 1989 945 2033 dixit
962 2006 971 2033 :
988 1991 1184 2033 «Domini
1203 2000 1266 2034 est
1283 1999 1395 2047 terra
1415 2000 1458 2035 et
1478 1991 1698 2051 plenitudo

331 2060 451 2119 »ejus
471 2076 481 2104 ε
505 2061 619 2104 orbis
649 2069 858 2104 terrarum
874 2093 886 2110 ,
913 2069 956 2103 et
978 2061 1048 2118 qui
1076 2061 1270 2105 habitant
1290 2062 1334 2105 in
1362 2077 1426 2105 eo.
1454 2061 1548 2120 Ipse
1572 2074 1699 2121 super

332 2120 492 2174 »maria
505 2131 695 2176 fundavit
707 2146 805 2174 eum
826 2147 835 2172 :
855 2138 898 2173 et
914 2146 1043 2189 super
1058 2131 1234 2174 {lumina
1251 2132 1609 2191 praeparavitcum
1625 2130 1655 2174 ⁸.
1670 2149 1689 2172 ι

319 2198 472 2256 'Quam
484 2201 619 2246 Graeci
630 2211 830 2261 οἱκουμωνήν
844 2202 1008 2252 dicunt,
1023 2204 1193 2261 eoquod
1206 2203 1498 2246 inhahite'ffiura
1511 2202 1695 2253 Chi-istm

329 2274 442 2316 sicut
464 2274 553 2333 ipse
574 2273 678 2316 dixit
698 2288 707 2315 :
724 2291 739 2311 α
763 2273 977 2325 Quoniam
1005 2273 1254 2316 inhabitabo
1278 2273 1321 2316 in
1339 2273 1439 2323 illis;
1460 2271 1700 2316 ‚inhabitat

332 2345 472 2396 onim,
499 2354 548 2388 ut
581 2346 754 2406 impleat
781 2359 874 2403 quae
903 2359 1036 2388 vacua
1062 2345 1328 2389 videbantur.
1355 2345 1475 2401 ‘Quae
1507 2351 1571 2387 est
1596 2358 1699 2407 ergo

332 2427 557 2477 οἰκουμωνήνς
579 2416 657 2459 nisi
681 2423 826 2458 sancta
847 2415 1061 2467 Ecclesia,
1082 2416 1287 2475 templum
1305 2415 1404 2466 Dei,
1420 2423 1463 2458 et
1481 2414 1700 2458 habitacu—

331 2490 421 2532 lum
450 2486 635 2531 Christi?
670 2486 758 2530 Nec
787 2486 1021 2545 incongrue
1049 2486 1186 2530 Latini
1216 2486 1385 2529 dissono
1416 2484 1588 2544 quidem
1615 2498 1699 2530 ser-

331 2573 484 2610 mone,
513 2559 587 2601 sed
615 2556 715 2617 pari¹
738 2572 888 2608 sensu,
912 2558 1061 2600 orbem
1089 2565 1211 2600 terrae
1241 2563 1623 2616 nuncupaverunt:
1644 2567 1697 2601 eo

333 2630 449 2687 quod
478 2629 563 2673 vita
589 2636 834 2672 sanctorum
863 2627 937 2687 qui
968 2627 1261 2672 inhabitantur
1288 2628 1341 2672 ab
1367 2627 1554 2689 Spiritu,
1586 2627 1698 2673 sieut

379 2732 387 2747 ¹
410 2721 530 2757 Matth.
550 2733 594 2760 ix.
609 2733 661 2755 πο.
676 2739 718 2747 -
734 2731 748 2747 ⁸
767 2720 855 2754 ibid.
869 2731 924 2755 αι.
940 2739 980 2747 —-
995 2722 1011 2746 ³
1028 2720 1110 2755 Psal.
1132 2730 1229 2759 xxm,
1249 2730 1280 2762 ι,
1298 2731 1329 2756 a.
