1794 3256
619 316 957 361 ano-runem.
1260 284 1263 286 ,
1381 307 1464 361 uzi

22 382 27 389 ‘
112 402 305 453 innuitur
322 402 465 461 itaquo
480 401 563 447 hoe
583 410 674 447 2020
692 404 902 447 versiculo
921 406 1165 464 pecc-tom
1185 411 1229 448 ut
1243 403 1286 447 in
1301 403 1469 463 aegritu.

23 476 27 478 '
113 469 214 516 dine
225 480 271 516 et
288 472 332 516 in
350 481 537 532 egestate
557 487 608 518 ae
629 473 809 532 penuria
821 486 915 519 esse
929 474 1102 533 positos.
1122 473 1268 517 Hane'
1257 482 1467 533 interpre-

59 592 64 596 ‚
110 543 315 587 tationem
337 542 591 587 confirmant
612 558 707 602 quae
720 543 831 590 fflrra
852 544 941 590 de
927 559 1005 596 ira,
1027 543 1206 610 libidine
1229 552 1357 604 atque
1377 543 1466 589 aliis
1547 592 1550 595 Δ

114 613 502 672 poi-turbationibus
524 614 736 659 dicuntur.

475 770 723 799 umorum
758 756 850 817 (77)
885 772 980 817 pag.
1014 759 1114 815 478.

179 904 259 962 Hic
292 905 345 947 de
375 919 420 947 se
454 903 545 962 ipso
572 903 690 961 loqui
716 903 990 947 Ambrosium
1026 906 1165 963 palam
1203 904 1363 950 faciunt
1388 922 1475 951 non
1502 956 1506 959 ,

115 977 245 1020 modo
260 990 354 1034 quae
374 975 419 1017 in
438 974 532 1032 ejus
555 974 639 1017 vita
665 975 718 1017 de
740 977 927 1019 secunda
947 975 1078 1035 ipsius
1098 977 1152 1020 ad
1170 976 1400 1020 Maximum
1420 979 1478 1021 le·

116 1045 284 1106 gatione
296 1044 494 1088 Paulinus
508 1044 672 1087 tradit.
691 1045 970 1089 verumetiam
1000 1061 1093 1104 quae
1110 1046 1289 1105 ipsemet
1303 1056 1473 1090 sanctus

120 1117 240 1176 epist.
274 1116 329 1159 ad
357 1114 521 1158 Valent.
552 1123 595 1157 et
619 1115 663 1157 in
684 1114 803 1159 Orat.
829 1117 882 1159 de
902 1116 1095 1174 ejusdem
1118 1117 1252 1162 Obitu
1277 1118 1473 1178 scripsit,

122 1182 337 1248 ambigere
357 1202 434 1230 nos
454 1201 540 1230 non
562 1185 793 1244 patiuntur.

477 1335 725 1364 Annon-no
762 1319 854 1378 (78)
886 1335 983 1379 pag.
1018 1322 1139 1379 479.ι

182 1456 380 1501 Vindicta
400 1457 471 1501 illa
497 1456 687 1500 Gratiani
712 1472 791 1515 per
809 1472 1023 1500 summum
1044 1458 1181 1501 scelus
1202 1441 1401 1502 trucidati
1420 1458 1480 1502 sic
1512 1474 1527 1481 ‘

123 1536 295 1586 peracta
317 1535 394 1571 est.
424 1526 719 1585 Occupaverat
739 1527 900 1586 magnis
922 1527 1054 1586 copiis
1074 1528 1249 1586 Alpium
1270 1529 1480 1588 angustias

126 1614 270 1642 comes
288 1599 615 1657 Andragathius.
646 1599 729 1641 Has
756 1614 855 1642 cum
882 1599 1080 1642 divinitus
1102 1601 1341 1643 obcaecatus
1360 1602 1484 1644 dese-

125 1668 299 1719 ruisset,
328 1669 591 1712 Theodosius
622 1669 856 1712 exercitum
879 1685 1003 1712 suum
1028 1670 1130 1713 lieet
1153 1671 1288 1713 multo
1311 1669 1485 1713 inferio-

126 1740 283 1784 riorem
305 1741 549 1790 traducens,
571 1740 823 1795 Maximumg
846 1741 919 1798 qui
940 1749 1141 1799 tanquam
1160 1740 1346 1784 victoriae
1367 1757 1485 1800 spec-

119 1809 239 1855 'tator
249 1811 451 1869 Aquileiae
462 1812 690 1860 insederat,
702 1811 816 1869 cepit
827 1820 953 1869 atque
964 1813 1121 1855 oc'cidit
1134 1828 1144 1855 :
1163 1828 1248 1870 quo
1264 1822 1483 1872 comperto

128 1882 440 1942 Andragathius
465 1883 509 1925 in
530 1898 648 1925 mare
669 1898 714 1925 se
739 1883 999 1942 praecipitem
1020 1892 1205 1928 armatus
1226 1885 1354 1928 dedit.
1380 1884 1487 1929 Vide

130 1953 344 1998 Orosium.
363 1954 438 1999 lib.
464 1969 546 2003 vu,
569 1969 662 2012 cap.
690 1954 763 2004 35,
786 1962 829 1996 et
853 1954 969 1998 alios.

487 2112 734 2140 ,umora-rio
768 2096 861 2156 (79)
895 2112 989 2156 pag.
1028 2098 1128 2149 481.

189 2224 362 2283 Jugum
385 2225 429 2267 in
457 2226 617 2268 trutina
642 2241 794 2283 scapus
824 2234 889 2269 est
915 2239 968 2268 ex
994 2225 1117 2283 cujus
1146 2225 1346 2268 extremis
1375 2225 1488 2269 binae

131 2295 275 2339 lances
294 2296 502 2354 pendent3
526 2297 641 2340 unde
661 2298 863 2340 translata
883 2306 947 2340 est
961 2297 1054 2340 haec
1075 2296 1340 2356 metaphora.

561 2465 807 2494 ANNOTA'rlo
845 2451 938 2509 (80)
973 2450 1075 2494 ibid.

200 2588 511 2634 Descendimus
542 2606 688 2635 omnes
718 2590 762 2634 in
780 2590 1013 2635 ‚Iordanem
1041 2605 1139 2635 cum
1171 2589 1341 2636 Christo
1366 2595 1506 2654 capite

142 2668 306 2712 nostro,
315 2660 437 2720 cujus
457 2669 683 2706 contactus
704 2677 860 2721 aquam
882 2677 970 2707 non
1003 2662 1151 2707 solum
1177 2661 1398 2716 sord-anis,
1422 2668 1500 2715 sed
