1794 3256
328 298 344 325 1
355 282 407 325 32
875 297 908 324 s.
947 295 1140 324 Διωιιοειι

321 390 418 422 eam
430 382 559 433 atque
575 375 789 418 dissolvit:
809 378 949 418 ae'rem
965 374 1125 424 turbat,
1143 376 1285 419 solum
1303 378 1463 427 nudat3
1481 382 1539 421 ut
1548 378 1684 452 pulvis

319 445 574 505 projicitur,
582 444 727 489 deficit
745 453 791 488 ut
806 445 963 495 fumus,
985 445 1182 503 liquescit
1201 455 1250 490 ut
1271 463 1380 492 cera.

374 515 690 562 XLV11.Hinc
706 516 899 574 plerique
920 531 1007 559 non
1023 517 1287 561 mediocrem
1301 529 1527 563 moverunt
1545 535 1685 578 quaes—

315 586 492 636 tionem,
504 595 649 641 utrum
667 585 898 643 perituram
911 594 1112 636 ,naturam
1128 587 1321 631 videatur
1337 590 1520 633 asserere
1537 589 1684 650 Scrip-

314 666 410 702 tura
432 657 572 701 divina
591 674 604 707 ς
630 656 813 699 maxime
835 657 932 714 quia
965 657 1065 701 alibi
1086 657 1191 701 dixit
1211 673 1221 701 :
1247 677 1264 699 ι
1286 659 1593 704 Comminuaml
1609 676 1683 705 eos

311 738 390 773 »ut
418 729 635 786 pulverem
666 736 763 771 ante
791 727 942 771 faciem
966 728 1110 779 venti,
1136 738 1186 772 >et
1209 738 1258 773 ut
1278 732 1416 774 lutum
1444 733 1681 790 platearum

311 818 327 840 ι
341 800 493 844 delebo
518 814 591 842 eos
607 798 648 848 ¹3
669 817 685 838 »
715 807 758 842 et
780 799 882 842 alibi
902 814 912 842 z
944 817 960 838 α
982 799 1096 842 Ecce
1118 799 1436 845 confundentur
1454 810 1498 846 et
1514 816 1682 846 reverc-

311 890 327 912 n
339 872 659 915 bunturomnes
672 869 899 913 adversarii
911 886 923 918 ς
943 878 1069 912 erunt
1078 871 1192 913 enim
1201 879 1404 930 tanquam
1416 888 1502 921 non
1513 872 1636 918 sintst.
1653 893 1670 915 u

309 942 499 987 Primum
517 957 618 1000 ergo
640 941 873 1000 interrogo,
899 949 1044 984 utrum
1070 942 1331 1001 impietatem
1355 941 1682 997 secundumiua-

308 1022 449 1057 turam
470 1021 620 1071 putent
642 1028 749 1062 esse,
775 1028 827 1055 an
849 1020 1003 1071 praeter
1021 1015 1250 1057 naturam?
1275 1014 1320 1058 Si
1344 1011 1581 1060 secundani
1601 1028 1679 1060 na—

309 1092 451 1134 turam
487 1091 677 1126 asserant
695 1116 708 1133 ,
739 1098 882 1126 errare
918 1099 1068 1126 eorum
1102 1085 1346 1142 opinionem
1393 1095 1673 1136 certumnest.

306 1153 502 1211 Denique
525 1153 692 1204 dicant,
724 1161 870 1196 utrum
897 1162 1059 1197 naturae
1079 1164 1306 1213 peccatum
1334 1154 1680 1206 conveniat‚-an-

307 1240 395 1268 non
413 1224 432 1267 Ξ)
453 1223 540 1267 Sed
560 1233 726 1267 eertum
745 1233 810 1268 est
832 1240 1028 1283 peccare,
1049 1226 1215 1268 deviare
1231 1242 1322 1269 esse
1343 1227 1395 1269 ab
1415 1242 1466 1270 eo
1484 1228 1600 1286 quod
1615 1237 1678 1271 est

308 1296 544 1339 secundum
569 1303 776 1338 naturam.
804 1295 924 1347 Quid
954 1295 1081 1353 igitur
1107 1304 1194 1339 tam
1226 1296 1443 1355 ineptum,
1474 1307 1681 1355 quamfut

308 1367 452 1410 dicant
467 1365 609 1409 minus
621 1366 770 1416 videri,
789 1365 967 1424 impium
990 1381 1098 1415 esse,
1120 1382 1250 1423 quam
1267 1375 1536 1425 peccatorem
1551 1383 1569 1410 :—
1580 1383 1677 1412 cum

306 1437 499 1480 omnium
530 1435 850 1480 acerbissimum
882 1436 962 1485 sit,
986 1436 1204 1494 quidquid?
1222 1437 1265 1479 in
1293 1437 1371 1480 Dei
1398 1437 1490 1480 fieri
1513 1436 1679 1482 ¹videtur

307 1506 506 1565 injuriam
526 1507 544 1549 Ξ)
567 1507 695 1560 Quod
712 1507 746 1550 si
766 1507 895 1565 impie
917 1522 1064 1565 agere,
1090 1523 1175 1550 non
1199 1516 1262 1551 est
1284 1516 1435 1566 praeter
1455 1505 1648 1554 natur-‘am
1664 1523 1686 1552 ε·

306 1578 446 1621 vivere
475 1593 576 1635 ergo
611 1577 767 1635 impie,
795 1579 1034 1621 secundum
1064 1587 1261 1621 naturam
1294 1579 1489 1629 est‚‘nec
1514 1581 1678 1639 peccati

305 1650 400 1692 loco
423 1648 684 1697 habendum,
698 1662 778 1690 nec
790 1648 966 1705 dignum
982 1648 1312 1706 reprehensione
1322 1649 1648 1694 existimandum
1662 1668 1674 1699 ;

306 1734 431 1762 nemo
453 1718 568 1761 enim
593 1718 940 1776 reprehenditur,
967 1718 1041 1776 qui
1063 1727 1264 1777 operatur
1289 1720 1680 1765 secundumnatu-

306 1804 409 1833 ram.
434 1789 553 1833 Unde
570 1789 858 1838 concluditur,
876 1788 974 1846 quia
993 1788 1187 1846 impietas
1202 1797 1356 1847 praeter
1378 1798 1575 1834 naturam
1595 1797 1685 1835 ests

307 1860 536 1914 Quomodo
563 1859 691 1917 igitur
713 1874 812 1902 cum
835 1859 1073 1917 perditione
1094 1859 1440 1910 consuetudinis,
1470 1862 1679 1908 ἀπολληεό-

303 1957 405 1993 μςνας
422 1941 562 1991 φύσεις,
589 1931 671 1975 hoc
697 1939 781 1980 est,
811 1931 1020 1989 perituras
1049 1940 1222 1975 naturas
1243 1931 1411 1974 inducit
1430 1930 1674 1989 Scriptura,

305 2018 405 2048 cum
422 2002 616 2061 impietas
632 2017 717 2044 non
731 2001 876 2059 utique
893 2002 1095 2044 naturalis
1111 2002 1181 2052 sit,
1200 2003 1276 2051 sed
1286 2009 1440 2060 praeter
1455 1996 1675 2043 naturam?

304 2073 435 2127 Quod
449 2073 563 2115 enim
577 2074 667 2115 ‘non
690 2072 834 2123 habet,
854 2087 940 2114 non
957 2072 1114 2133 amittit
1133 2077 1244 2115 :nec
1256 2075 1399 2131 ‚potest
1417 2086 1468 2115 ea
1486 2071 1678 2115 substan-

304 2145 360 2188 tia
374 2145 529 2203 perire,
554 2159 647 2202 quae
672 2159 759 2186 non
781 2143 881 2186 suin
901 2144 1008 2203 Nam
1023 2152 1067 2187 et
1087 2144 1223 2202 pulvis
1244 2145 1486 2186 commotus
1501 2174 1512 2191 ,
1536 2143 1612 2184 'aut
1630 2140 1675 2183 in

304 2230 422 2272 aquoe
448 2213 728 2258 substantiam
747 2213 1011 2265 transfertur,
1033 2214 1168 2259 autin
1184 2218 1341 2263 ae'rem,
1362 2211 1493 2256 autin
1514 2211 1671 2268 ignem,
1691 2243 1694 2245 Α

301 2289 388 2330 hoc
405 2294 484 2335 est,
509 2285 552 2328 in
567 2286 694 2329 aliam
714 2286 883 2334 videtur
900 2301 1010 2344 saepe
1027 2286 1205 2330 transire
1221 2293 1432 2328 naturam.
1451 2283 1553 2328 ,Non
1572 2295 1691 2339 ergo.

302 2356 361 2400 iu
367 2356 549 2399 nihilum
576 2355 736 2406 deficit,
755 2355 894 2400 sedin
917 2356 1034 2399 aliud
1053 2356 1230 2400 transit.
1451 2380 1456 2384 ·
1605 2366 1610 2371 “

361 2426 563 2471 XLVIII.
576 2426 705 2480 Quid
727 2426 894 2470 obstat
882 2426 1010 2484 lgitur
1032 2427 1135 2484 quin
1149 2435 1192 2470 et
1208 2425 1277 2469 ille
1296 2426 1367 2483 qui
1384 2393 1503 2469 verbi
1521 2405 1691 2468 virtute*

302 2505 346 2542 et
365 2497 528 2540 ratione
550 2496 856 2540 comminuitur
875 2505 925 2540 ut
945 2497 1104 2556 pulvis,
1123 2512 1210 2541 non
1233 2495 1276 2539 in
1293 2496 1474 2539 nihilum
1497 2492 1674 2574 dissipe-

302 2577 388 2620 tur,
413 2570 489 2612 sed
504 2577 792 2613 commutetur
805 2569 849 2612 in
868 2569 1041 2620 melius;
1057 2577 1106 2613 ut
1125 2583 1177 2616 ex
1191 2576 1363 2613 terreno
1381 2565 1456 2612 fiat
1475 2544 1693 2625 spiritalis?

350 2661 1008 2710 1Psa1.xvn‚43-21sa1.xu,11.v

451 2765 454 2769 ’
472 2775 493 2791 -a
