1794 3256
323 241 409 298 240
644 274 648 280 ,
712 271 722 284 ,.
734 272 745 293 .·
876 249 907 277 s,
946 247 1140 277 AMBaosu

324 350 342 374 »
356 346 454 380 cum
472 329 628 389 incipio
643 327 776 388 loqui,
795 334 1088 384 compungunt
1103 340 1172 368 me
1186 325 1196 347 ¹
1208 357 1217 368 .
1241 343 1256 366 1>
1272 327 1605 371 llle'de·vulnere
1616 329 1694 372 sui

327 392 518 462 corporis
545 400 738 460 queritur
763 414 773 440 ε
803 398 872 440 hic
903 397 1095 455 deplorat
1123 397 1275 441 animae'
1305 413 1391 442 suae
1415 400 1613 447 vulnera
1636 399 1693 443 Et

328 474 438 518 forte
459 472 530 516 hic
557 471 641 530 agit
674 467 966 528 poenitentiam
999 469 1051 510 do
1076 476 1252 526 peccato
1283 483 1293 516 ;
1322 469 1393 512 ille
1414 473 1586 528 causam
1602 469 1693 529 agit

331 542 590 588 infirmitatis
613 541 811 584 humanae
823 556 835 588 ;
860 547 903 597 et
924 537 1041 596 quasi
1064 539 1540 591 nostae-imbecillitatis
1563 543 1703 585 ’asser-

333 623 419 665 tor,
443 615 497 657 ad
516 612 752 656 remedium
771 609 909 668 operis
932 608 1134 652 auxilium
1159 609 1369 653 Creatoris
1389 610 1591 670 exposcit*
1617 610 1698 653 Hic

329 683 458 743 igitur
485 690 684 742 precatur
706 714 718 732 ,
750 681 820 724 illc
850 679 1155 738 patrocinatur.
1192 679 1379 738 Ideoque
1405 680 1704 724 vehementior⁴

331 753 461 811 hujus
483 760 547 795 est
565 753 685 796 dolor
696 768 708 801 ;
734 750 832 808 quia
850 750 998 793 animae
1016 751 1188 793 vulnera
1204 751 1394 808 graviora
1411 758 1537 808 quam
1562 751 1701 794 carnis

334 831 446 866 sunt.
479 823 554 864 Ille
583 821 686 864 dicit
715 821 885 880 sagittas
906 819 1076 863 Domini
1100 820 1143 862 in
1170 835 1247 862 suo
1273 836 1364 864 esse
1389 836 1569 879 corpore
1588 851 1600 870 ,
1625 819 1704 864 iste

337 894 529 952 deplorat
551 891 700 935 infixas
726 907 735 934 ε
764 891 874 936 illius
897 889 1066 948 sanguis
1086 890 1264 941 bibitur,
1289 890 1418 949 hujus
1435 890 1701 937 effunditur:

331 963 405 1008 ille
422 963 736 1022 compungitur,
755 963 824 1005 hic
848 963 1094 1005 vulneratur
1111 978 1120 1005 ε
1137 961 1257 1005 illum
1277 977 1429 1005 manus
1445 962 1524 1007 Dei
1544 961 1702 1020 tetigit,

335 1049 462 1092 super
486 1034 602 1076 hunc
635 1033 749 1091 gravi
782 1033 971 1090 pondere
1005 1031 1255 1082 confirmata
1289 1040 1387 1076 estz
1418 1031 1488 1077 hic
1521 1032 1710 1077 animam

336 1120 457 1147 suam
475 1103 602 1147 deflet
623 1103 890 1146 illusionibus
912 1117 1002 1145 esse
1023 1103 1298 1160 comple-tam,
1322 1102 1393 1147 ille
1410 1107 1709 1161 suum1'co'rpus

334 1175 563 1218 ulceribus.
599 1173 772 1218 Manum
799 1180 940 1216 autem
963 1172 1070 1222 Dei,
1103 1172 1302 1215 virtutem
1327 1172 1601 1231 intelligimus
1627 1188 1710 1231 pu—

335 1245 497 1288 niendi.
530 1245 631 1287 Haec
658 1259 809 1286 manus
835 1258 978 1301 regem
1002 1243 1301 1301 AEgyptiorum
1326 1250 1503 1301 propter
1524 1242 1711 1286 Abrahae

337 1315 540 1374 injuriam
572 1315 627 1358 ob
659 1322 863 1358 tentatam
891 1313 1026 1356 Sarrae
1054 1314 1305 1372 pudicitiam
1333 1312 1573 1371 flagellavit.
1611 1313 1711 1357 Haec

337 1402 491 1433 manus
508 1386 804 1445 AEgyptiorum
827 1401 994 1435 currus,
1018 1400 1150 1442 equos
1168 1393 1210 1427 et
1225 1386 1406 1443 populos
1426 1385 1559 1428 Rubri
1572 1384 1713 1430 rmar'is

343 1457 543 1502 demersit
583 1458 809 1516 profundo.
846 1457 945 1499 Haec
982 1470 1133 1498 manus
1164 1464 1353 1498 mentem
1385 1455 1713 1514 gravavit-'regis

338 1528 458 1578 Sam,
482 1536 529 1571 ut
546 1528 722 1586 gratiam
741 1526 804 1569 sui
828 1525 1135 1568 conservatoris
1153 1525 1310 1568 odisset
1321 1536 1335 1574 ’ς
1353 1533 1397 1569 et
1417 1527 1499 1585 pro
1521 1525 1715 1585 praevari-

343 1599 510 1657 catione
546 1598 728 1656 coelestis
767 1597 934 1656 imperii
972 1598 1162 1640 desertus
1200 1613 1223 1640 a
1262 1597 1386 1640 sociis
1403 1629 1414 1647 ‚
1450 1596 1715 1655 interemptis

345 1682 515 1726 quoque
538 1667 634 1710 filiis
656 1667 880 1710 destitutus
898 1699 909 1717 ,
932 1666 1068 1710 victus
1094 1667 1146 1709 ab
1164 1667 1356 1710 hostibus
1373 1699 1385 1718 ,
1408 1667 1527 1725 (vquo
1548 1675 1716 1726 specta·-

347 1740 443 1783 culo
472 1737 579 1781 nihil
599 1746 662 1781 est
685 1737 916 1780 deformius
944 1738 1089 1795 regi.)
1123 1738 1311 1796 gladium
1338 1739 1381 1781 in
1408 1754 1452 1782 se
1483 1752 1607 1782 suum
1628 1738 1717 1797 ipse

349 1818 630 1861 converteret,
654 1825 708 1852 ne
729 1809 919 1868 captivus
935 1824 1063 1851 senex
1084 1809 1242 1853 viveret
1255 1809 1349 1854 filiis
1359 1818 1408 1853 et
1424 1825 1554 1869 regno
1571 1814 1715 1869 super-

347 1889 447 1925 stes.
484 1881 603 1924 Hanc
633 1894 808 1923 manum
830 1879 968 1923 David
990 1879 1032 1921 in
1058 1893 1101 1930 se
1132 1880 1223 1937 ipso
1245 1888 1444 1938 expertus
1473 1889 1516 1924 et
1545 1881 1712 1932 liberis,

351 1950 522 1994 alterius
557 1950 794 2000 incestum,
833 1949 1004 1993 alterius
1040 1949 1316 2008 parricidium
1348 1950 1604 2010 deploravit,
1647 1959 1716 2001 et,

354 2019 369 2079 ζ
380 2022 496 2078 quod
516 2020 585 2079 pio
601 2020 710 2078 patri
731 2019 896 2079 gravius
908 2028 971 2063 cst
995 2019 1140 2063 salutis
1161 2036 1246 2064 suae
1262 2021 1399 2064 exitiis
1417 2024 1457 2079 ,)
1485 2021 1612 2066 simul
1637 2037 1717 2080 op÷

351 2090 524 2149 probria
545 2090 699 2133 sobolis
722 2122 734 2140 ‚
758 2098 800 2133 et
819 2090 987 2149 pietatis
1001 2089 1171 2133 deflevit
1188 2089 1352 2134 excidia
1372 2106 1382 2133 t
1407 2106 1591 2149 quorum
1613 2092 1720 2135 alter

355 2163 408 2204 ad
438 2161 647 2205 incestum
677 2175 879 2204 accensus
907 2162 959 2204 de
987 2162 1276 2219 germanitatis
1305 2161 1462 2206 affectu
1484 2194 1496 2212 ,
1529 2163 1635 2205 alter
1667 2162 1721 2207 ad

348 2232 626 2290 parricidium
650 2240 834 2276 armatus
866 2240 932 2275 est
959 2232 1100 2275 studio
1130 2233 1346 2277 castitatis.
1375 2232 1482 2279 Vide
1511 2233 1720 2291 quemad-

349 2302 529 2344 modum
573 2302 666 2345 illos
706 2303 748 2344 in
788 2302 1043 2360 gravissimis
1075 2295 1341 2346 criminibus*
1358 2301 1543 2346 confinia
1581 2303 1723 2346 lusere

352 2371 572 2415 virtutum.
601 2372 769 2415 Utinam
801 2381 872 2415 aut
901 2372 970 2416 ille
994 2387 1183 2416 sororem
1213 2388 1300 2416 non
1328 2380 1533 2422 amasset,
1559 2380 1631 2416 aut
1651 2371 1722 2415 hic

355 2455 444 2484 non
471 2442 726 2486 vindicasset
754 2444 763 2485 Ξ
798 2442 866 2487 Ad
898 2451 1162 2501 postremum
1193 2451 1236 2487 et
1264 2443 1354 2502 ipse
1393 2443 1538 2502 patriae
1568 2441 1728 2487 finibus

347 2588 359 2597 (-
400 2561 416 2587 .³
438 2552 515 2587 Job.
534 2553 627 2594 v1,4.
