1794 3256
423 278 663 310 aninmo
693 278 736 310 ιιι
766 277 952 309 »samu
980 278 1098 311 xuu.
1355 269 1438 322 4οι

85 370 171 420 qno
183 367 268 420 qua
278 359 418 420 patuit
431 359 579 403 errori.
600 359 707 413 Quae
720 359 822 403 licet
836 373 923 402 nou
938 373 961 402 a
976 358 1182 402 mediocri
1205 358 1445 405 adversario

67 436 283 492 ¹serpente
302 422 479 490 'decepta
503 431 584 480 sit;
624 430 808 474 habebat
826 438 970 474 tamen
989 429 1055 474 sui
1073 443 1161 473 non
1181 430 1444 476 mediocrem

87 502 280 561 gratiam,
303 508 529 559 antequam
544 509 768 560 peccatum
782 501 993 561 irreperet
1009 515 1021 544 z
1044 501 1089 544 in
1103 497 1337 560 conspectu
1354 511 1450 546 erat

88 572 167 617 Dei
186 573 339 624 A'dn'm,
362 572 406 615 in
432 571 625 631 paradiso
646 572 828 631 vigebat,
858 571 1020 616 coelesti
1039 571 1177 630 'gratia
1193 572 1445 632 refulgebat,

64 631 344 703 'loquebatur
360 658 460 686 cum
481 644 584 687 Deo.
613 643 830 702 Numquid
848 635 1244 687 eumhumiliatum
1262 653 1361 688 ante
1384 646 1451 688 le-

89 714 215 775 gisti,
235 714 316 758 nisi
346 723 620 773 posteaquam
649 714 937 773 praevaricatio
963 729 1064 757 eum
1090 714 1329 758 humiliavit
1349 716 1455 760 sua?

91 781 227 843 Cujus
252 780 663 827 vitii'haeredizatem
688 785 741 827 ad
766 800 844 827 nos
869 798 1003 844 usque
1036 785 1273 845 *transmisit
1289 819 1303 836 ,
1332 794 1382 829 ut
1409 787 1455 830 in

89 853 175 899 hoe
195 869 375 914 corpore
396 855 615 898 constituti
635 855 820 900 nolimus
841 855 1099 915 peregrinari
1118 857 1173 899 de
1193 872 1389 916 corpore,
1411 866 1456 901 et

93 927 237 970 adosse
248 927 352 986 Deo.
367 926 419 969 Et
430 926 526 969 ideo
541 926 813 969 humiliamus
829 926 1015 970 animam
1032 935 1220 970 nostram
1231 943 1326 986 quae
1340 933 1390 972 so'
1404 929 1460 973 ad

92 997 239 1042 Deum·
250 998 377 1056 gestit
396 999 615 1040 attollere:
642 998 718 1040 scd
737 997 1015 1056 corruptibile
1035 998 1119 1041 hoc
1139 1013 1295 1057 corpus
1310 994 1459 1057 gravat

95 1068 298 1118 animam,
327 1076 580 1126 terrenaque
609 1067 851 1110 habitacula
882 1067 1233 1127 praeponderant3
1269 1078 1318 1112 ut
1337 1084 1459 1112 mens

96 1139 246 1183 devota
266 1139 358 1184 Beo
376 1139 623 1198 frequenter
641 1139 871 1182 inclinetur
894 1140 948 1181 ad
968 1140 1189 1188 saeculum,
1208 1154 1287 1183 nec
1303 1156 1349 1183 se
1363 1141 1461 1184 sub·

95 1210 228 1267 jicere
239 1210 331 1254 Deo
344 1210 500 1269 possit3
518 1209 719 1267 quoniam
735 1209 1046 1266 subjectionem
1060 1209 1129 1253 sui
1143 1210 1347 1269 sapientia
1363 1226 1461 1255 car-

96 1282 162 1325 nis
176 1282 357 1341 ignorat,
373 1296 468 1339 quae
482 1288 677 1323 nostrum
691 1279 867 1324 involvit
883 1279 1098 1324 affectum.

155 1350 394 1396 LXXVIII.
430 1351 631 1395 Dicentes
642 1350 734 1394 haec
745 1352 799 1394 de
808 1351 948 1401 nobis,
967 1350 1072 1409 quid
1087 1353 1140 1394 de
1152 1366 1282 1396 carne
1294 1353 1467 1398 Domini

94 1423 231 1468 nostri
249 1423 353 1467 Jesu
372 1422 531 1467 Christi
551 1422 771 1466 dicemus?
787 1423 874 1476 Qui
890 1423 1041 1480 utique
1057 1424 1243 1482 suscepit
1258 1426 1398 1469 carnis
1413 1427 1466 1469 is-

5 1483 15 1489 *
96 1493 181 1538 tius
201 1494 446 1542 veritatem3
472 1500 516 1536 ct
537 1493 651 1543 ideo,
679 1492 991 1552 «Semetipsum
1006 1493 1245 1538 humiliavit
1259 1511 1394 1554 usque
1411 1497 1467 1540 ad

95 1573 325 1614 »mortem,
346 1554 531 1608 mortem
553 1573 696 1608 autem
723 1564 902 1608 crucis¹.
925 1565 1190 1624 »Diligenter
1210 1567 1398 1617 attende,
1421 1577 1467 1612 et

99 1638 321 1686 considera
341 1637 517 1695 singula.
543 1636 575 1679 V
581 1635 652 1679 ide
671 1636 770 1693 quia
789 1637 937 1679 volens
957 1637 1142 1695 suscepit
1156 1637 1269 1680 hanc
1283 1639 1467 1682 sormam

45 1730 51 1733 ·
98 1709 289 1767 corporis
314 1709 468 1756 nostri,
498 1716 542 1750 et
563 1715 647 1750 tuae
670 1707 873 1764 obsequia
896 1708 1132 1757 servitutis,
1154 1708 1199 1751 in
1222 1709 1465 1753 similitudi-

93 1792 198 1822 nem
223 1778 447 1821 hominum
475 1777 641 1820 sactus:
678 1792 766 1820 non
793 1778 837 1820 in
860 1777 1182 1820 similitudinem
1203 1779 1365 1830 carnis,
1389 1782 1467 1823 sed

95 1845 479 1892 insimilitudinem
493 1847 718 1890 hominum
734 1855 1033 1905 peccatorum3
1050 1848 1189 1890 omnis
1201 1848 1318 1892 enini
1333 1849 1464 1894 homo

99 1921 181 1964 sub
193 1927 385 1979 peccato.
405 1919 508 1961 Ideo
521 1926 567 1961 et
581 1917 725 1976 specie,
740 1907 999 1961 inventus'ut
1018 1918 1171 1969 homo,
1191 1929 1241 1963 ut
1256 1921 1465 1979 scriptum

100 2000 167 2035 est
185 1992 240 2034 de
256 2004 309 2035 eo
322 2005 333 2032 :
345 1989 431 2032 «Et
451 1988 582 2032 homo
603 1995 685 2037 est,
706 1996 750 2030 et
769 1988 863 2046 quis
884 1997 1113 2046 cognoscet
1128 1990 1312 2034 eum21’·
1324 1992 1464 2035 Homo

101 2061 338 2106 secundum
365 2074 535 2115 carnem
547 2075 561 2108 ;
590 2059 796 2121 sed-ultra
817 2059 1035 2102 hominem
1056 2062 1293 2104 secundm
1314 2077 1467 2120 opera-

101 2133 276 2176 tionem.
290 2148 308 2170 ι
324 2130 380 2173 Ut
403 2129 550 2178 homo,
574 2128 732 2185 inquit,
757 2128 995 2171 humiliavit
1008 2131 1308 2189 semetipsum;
1325 2150 1344 2173 ι
1364 2134 1466 2190 quia

43 2217 46 2219 ·
104 2202 158 2245 ad
177 2216 251 2244 eos
271 2201 387 2243 Deus
407 2199 538 2248 venit,
561 2199 633 2256 qui
650 2198 859 2241 humiliati
880 2199 1061 2250 fuerant,
1082 2201 1337 2246 liberandos.
1363 2203 1467 2262 —Ipse

102 2288 150 2316 se
181 2287 283 2331 ergo
313 2270 553 2314 humiliavit
582 2277 760 2327 propter
784 2284 875 2312 nos,
921 2269 1015 2312 Non
1043 2284 1145 2328 ergo
1172 2287 1328 2331 corpus
1355 2274 1467 2318 illius

94 2359 260 2402 corpus
279 2342 449 2391 mortis,
472 2341 683 2398 siquidem
703 2355 859 2399 corpus
878 2348 943 2384 est
963 2342 1060 2384 vitae
1077 2357 1089 2385 :
1113 2335 1195 2387 nee
1216 2358 1316 2388 caro
1335 2345 1464 2397 illius,

105 2415 258 2457 umbra
277 2413 446 2462 mortis,
470 2411 679 2469 siquidem
698 2410 838 2470 fulgor
851 2419 916 2454 est
930 2412 1074 2469 gloriae
1089 2427 1103 2455 ε
1125 2428 1206 2456 nec
1221 2414 1264 2457 in
1280 2430 1332 2458 eo
1346 2417 1468 2459 locus

95 2484 393 2528 -afflictationis
403 2515 416 2531 ‚
439 2483 649 2540 siquidem
665 2482 709 2524 in
726 2482 798 2524 illo
813 2492 994 2541 corpore
1007 2481 1207 2527 omnihus
1221 2486 1354 2543 gratia
1369 2502 1473 2530 con-

107 2554 341 2598 solutionis.¹
370 2552 616 2596 Humiliavit
644 2566 714 2604 se„
744 2560 794 2595 ut
823 2552 1009 2596 disceres
1028 2553 1133 2611 quid
1153 2555 1209 2598 sit
1229 2555 1461 2600 humilitas.

155 2658 165 2672 ¹
190 2647 305 2689 Philip.
322 2658 361 2686 u,
374 2645 466 2680 8.·--
483 2655 497 2671 ι
512 2645 637 2678 lm,
652 2656 738 2683 gv...
751 2657 797 2690 9⁴¹
839 2662 844 2667 .
908 2661 914 2665 .
971 2660 975 2665 .
1006 2654 1011 2657 -

261 2716 340 2744 Lvt.
1203 2759 1222 2762 Α
1259 2705 1320 2746 26
