<?xml version="1.0" encoding="UTF-8"?>
<!DOCTYPE html PUBLIC "-//W3C//DTD XHTML 1.0 Transitional//EN"
    "http://www.w3.org/TR/xhtml1/DTD/xhtml1-transitional.dtd">
<html xmlns="http://www.w3.org/1999/xhtml" xml:lang="en" lang="en">
 <head>
  <title>
</title>
<meta http-equiv="Content-Type" content="text/html;charset=utf-8" />
  <meta name='ocr-system' content='tesseract 3.04.00' />
  <meta name='ocr-capabilities' content='ocr_page ocr_carea ocr_par ocr_line ocrx_word'/>
</head>
<body>
  <div class='ocr_page' id='page_1' title='image "./omniaequaeextant03ambruoft_0418.png"; bbox 0 0 1794 3256; ppageno 0'>
   <div class='ocr_carea' id='block_1_1' title="bbox 286 340 1148 395">
    <p class='ocr_par' dir='ltr' id='par_1_1' title="bbox 286 340 1148 395">
     <span class='ocr_line' id='line_1_1' title="bbox 286 340 1148 395; baseline 0.005 -15"><span class='ocrx_word' id='word_1_1' title='bbox 286 365 289 369; x_wconf 79' lang='lat'><em>,</em></span> <span class='ocrx_word' id='word_1_2' title='bbox 330 340 425 395; x_wconf 64' lang='grc' dir='ltr'><strong>Ι4(ιὸ</strong></span> <span class='ocrx_word' id='word_1_3' title='bbox 889 357 918 383; x_wconf 89' lang='lat' dir='ltr'><strong>s.</strong></span> <span class='ocrx_word' id='word_1_4' title='bbox 960 355 1148 384; x_wconf 74' lang='lat' dir='ltr'><strong>Amnnosu</strong></span> 
     </span>
    </p>
   </div>
   <div class='ocr_carea' id='block_1_2' title="bbox 335 435 1771 2706">
    <p class='ocr_par' dir='ltr' id='par_1_2' title="bbox 335 435 1707 1132">
     <span class='ocr_line' id='line_1_2' title="bbox 340 435 1698 493; baseline 0.003 -16"><span class='ocrx_word' id='word_1_5' title='bbox 340 435 491 478; x_wconf 87' lang='lat' dir='ltr'><strong>missus</strong></span> <span class='ocrx_word' id='word_1_6' title='bbox 512 443 575 478; x_wconf 88' lang='lat' dir='ltr'><strong>est</strong></span> <span class='ocrx_word' id='word_1_7' title='bbox 605 435 647 477; x_wconf 89' lang='lat' dir='ltr'><strong>in</strong></span> <span class='ocrx_word' id='word_1_8' title='bbox 669 451 808 486; x_wconf 82' lang='lat' dir='ltr'><strong>mare,</strong></span> <span class='ocrx_word' id='word_1_9' title='bbox 840 443 882 478; x_wconf 87' lang='lat' dir='ltr'><strong>et</strong></span> <span class='ocrx_word' id='word_1_10' title='bbox 907 436 1066 493; x_wconf 84' lang='lat' dir='ltr'><strong>quievit</strong></span> <span class='ocrx_word' id='word_1_11' title='bbox 1096 451 1213 478; x_wconf 84' lang='lat' dir='ltr'><strong>mare</strong></span> <span class='ocrx_word' id='word_1_12' title='bbox 1239 451 1262 479; x_wconf 84' lang='lat' dir='ltr'><strong>a</strong></span> <span class='ocrx_word' id='word_1_13' title='bbox 1284 438 1570 481; x_wconf 85' lang='lat' dir='ltr'><strong>commotione</strong></span> <span class='ocrx_word' id='word_1_14' title='bbox 1597 453 1698 488; x_wconf 71' lang='lat' dir='ltr'><strong>suag</strong></span> 
     </span>
     <span class='ocr_line' id='line_1_3' title="bbox 341 506 1700 559; baseline 0.002 -11"><span class='ocrx_word' id='word_1_15' title='bbox 341 507 398 548; x_wconf 83' lang='lat' dir='ltr'><strong>ita</strong></span> <span class='ocrx_word' id='word_1_16' title='bbox 419 506 625 549; x_wconf 85' lang='lat' dir='ltr'><strong>Dominus</strong></span> <span class='ocrx_word' id='word_1_17' title='bbox 647 515 790 549; x_wconf 76' lang='lat' dir='ltr'><strong>noster</strong></span> <span class='ocrx_word' id='word_1_18' title='bbox 804 506 925 548; x_wconf 83' lang='lat' dir='ltr'><strong>Jcsus</strong></span> <span class='ocrx_word' id='word_1_19' title='bbox 944 506 1135 549; x_wconf 84' lang='lat' dir='ltr'><strong>Christus</strong></span> <span class='ocrx_word' id='word_1_20' title='bbox 1155 507 1324 550; x_wconf 82' lang='lat' dir='ltr'><strong>venitin</strong></span> <span class='ocrx_word' id='word_1_21' title='bbox 1342 508 1458 551; x_wconf 85' lang='lat' dir='ltr'><strong>hunc</strong></span> <span class='ocrx_word' id='word_1_22' title='bbox 1473 510 1700 559; x_wconf 83' lang='lat' dir='ltr'><strong>mundum,</strong></span> 
     </span>
     <span class='ocr_line' id='line_1_4' title="bbox 338 577 1700 638; baseline 0.004 -20"><span class='ocrx_word' id='word_1_23' title='bbox 338 585 388 619; x_wconf 86' lang='lat' dir='ltr'><strong>ut</strong></span> <span class='ocrx_word' id='word_1_24' title='bbox 404 579 611 619; x_wconf 85' lang='lat' dir='ltr'><strong>mundum</strong></span> <span class='ocrx_word' id='word_1_25' title='bbox 627 577 912 625; x_wconf 75' lang='lat' dir='ltr'><strong>lucrifaceret,</strong></span> <span class='ocrx_word' id='word_1_26' title='bbox 925 578 1181 636; x_wconf 84' lang='lat' dir='ltr'><strong>etsanguine</strong></span> <span class='ocrx_word' id='word_1_27' title='bbox 1192 594 1267 622; x_wconf 91' lang='lat' dir='ltr'><strong>suo</strong></span> <span class='ocrx_word' id='word_1_28' title='bbox 1280 580 1420 623; x_wconf 80' lang='lat' dir='ltr'><strong>omnia</strong></span> <span class='ocrx_word' id='word_1_29' title='bbox 1438 578 1700 638; x_wconf 82' lang='lat' dir='ltr'><strong>pacificaret,</strong></span> 
     </span>
     <span class='ocr_line' id='line_1_5' title="bbox 341 648 1704 708; baseline 0.002 -16"><span class='ocrx_word' id='word_1_30' title='bbox 341 649 426 692; x_wconf 88' lang='lat' dir='ltr'><strong>sive</strong></span> <span class='ocrx_word' id='word_1_31' title='bbox 451 656 618 691; x_wconf 84' lang='lat' dir='ltr'><strong>terrena</strong></span> <span class='ocrx_word' id='word_1_32' title='bbox 632 682 644 698; x_wconf 95' lang='lat'><strong><em>,</em></strong></span> <span class='ocrx_word' id='word_1_33' title='bbox 680 649 765 691; x_wconf 86' lang='lat' dir='ltr'><strong>sive</strong></span> <span class='ocrx_word' id='word_1_34' title='bbox 797 649 994 692; x_wconf 85' lang='lat' dir='ltr'><strong>coelestia.</strong></span> <span class='ocrx_word' id='word_1_35' title='bbox 1025 648 1222 693; x_wconf 87' lang='lat' dir='ltr'><strong>Adventu</strong></span> <span class='ocrx_word' id='word_1_36' title='bbox 1256 650 1384 708; x_wconf 83' lang='lat' dir='ltr'><strong>igitur</strong></span> <span class='ocrx_word' id='word_1_37' title='bbox 1413 667 1489 694; x_wconf 90' lang='lat' dir='ltr'><strong>suo</strong></span> <span class='ocrx_word' id='word_1_38' title='bbox 1522 651 1704 698; x_wconf 80' lang='lat' dir='ltr'><strong>redemit</strong></span> 
     </span>
     <span class='ocr_line' id='line_1_6' title="bbox 340 718 1703 781; baseline 0.004 -21"><span class='ocrx_word' id='word_1_39' title='bbox 340 718 557 773; x_wconf 83' lang='lat' dir='ltr'><strong>universos</strong></span> <span class='ocrx_word' id='word_1_40' title='bbox 578 718 794 769; x_wconf 86' lang='lat' dir='ltr'><strong>homines,</strong></span> <span class='ocrx_word' id='word_1_41' title='bbox 813 727 856 762; x_wconf 87' lang='lat' dir='ltr'><strong>et</strong></span> <span class='ocrx_word' id='word_1_42' title='bbox 883 721 1128 777; x_wconf 86' lang='lat' dir='ltr'><strong>provocavit</strong></span> <span class='ocrx_word' id='word_1_43' title='bbox 1150 722 1202 763; x_wconf 84' lang='lat' dir='ltr'><strong>ad</strong></span> <span class='ocrx_word' id='word_1_44' title='bbox 1221 720 1297 763; x_wconf 89' lang='lat' dir='ltr'><strong>Dei</strong></span> <span class='ocrx_word' id='word_1_45' title='bbox 1321 723 1482 764; x_wconf 88' lang='lat' dir='ltr'><strong>cultum</strong></span> <span class='ocrx_word' id='word_1_46' title='bbox 1506 721 1703 781; x_wconf 87' lang='lat' dir='ltr'><strong>operibus</strong></span> 
     </span>
     <span class='ocr_line' id='line_1_7' title="bbox 341 789 1704 841; baseline 0.002 -9"><span class='ocrx_word' id='word_1_47' title='bbox 341 789 443 839; x_wconf 92' lang='lat' dir='ltr'><strong>suis,</strong></span> <span class='ocrx_word' id='word_1_48' title='bbox 463 805 560 832; x_wconf 88' lang='lat' dir='ltr'><strong>cum</strong></span> <span class='ocrx_word' id='word_1_49' title='bbox 578 798 768 833; x_wconf 89' lang='lat' dir='ltr'><strong>mortuos</strong></span> <span class='ocrx_word' id='word_1_50' title='bbox 786 790 1070 840; x_wconf 83' lang='lat' dir='ltr'><strong>resuscitaret,</strong></span> <span class='ocrx_word' id='word_1_51' title='bbox 1090 800 1256 835; x_wconf 84' lang='lat' dir='ltr'><strong>sanaret</strong></span> <span class='ocrx_word' id='word_1_52' title='bbox 1276 791 1483 841; x_wconf 87' lang='lat' dir='ltr'><strong>infirmos,</strong></span> <span class='ocrx_word' id='word_1_53' title='bbox 1509 792 1704 836; x_wconf 81' lang='lat' dir='ltr'><strong>timorem</strong></span> 
     </span>
     <span class='ocr_line' id='line_1_8' title="bbox 335 860 1707 921; baseline 0.004 -20"><span class='ocrx_word' id='word_1_54' title='bbox 335 860 413 902; x_wconf 87' lang='lat' dir='ltr'><strong>Dei</strong></span> <span class='ocrx_word' id='word_1_55' title='bbox 436 860 631 902; x_wconf 86' lang='lat' dir='ltr'><strong>humanis</strong></span> <span class='ocrx_word' id='word_1_56' title='bbox 653 860 879 902; x_wconf 85' lang='lat' dir='ltr'><strong>infundens</strong></span> <span class='ocrx_word' id='word_1_57' title='bbox 903 861 1135 905; x_wconf 83' lang='lat' dir='ltr'><strong>affectibus.</strong></span> <span class='ocrx_word' id='word_1_58' title='bbox 1163 863 1257 921; x_wconf 85' lang='lat' dir='ltr'><strong>Ipse</strong></span> <span class='ocrx_word' id='word_1_59' title='bbox 1278 871 1342 905; x_wconf 89' lang='lat' dir='ltr'><strong>est</strong></span> <span class='ocrx_word' id='word_1_60' title='bbox 1357 863 1429 921; x_wconf 91' lang='lat' dir='ltr'><strong>qui</strong></span> <span class='ocrx_word' id='word_1_61' title='bbox 1451 861 1707 906; x_wconf 84' lang='lat' dir='ltr'><strong>sacrificavit</strong></span> 
     </span>
     <span class='ocr_line' id='line_1_9' title="bbox 338 930 1706 992; baseline 0.003 -19"><span class='ocrx_word' id='word_1_62' title='bbox 338 931 521 974; x_wconf 86' lang='lat' dir='ltr'><strong>Domino</strong></span> <span class='ocrx_word' id='word_1_63' title='bbox 539 930 794 974; x_wconf 84' lang='lat' dir='ltr'><strong>sacrificium</strong></span> <span class='ocrx_word' id='word_1_64' title='bbox 816 933 998 975; x_wconf 85' lang='lat' dir='ltr'><strong>salutare</strong></span> <span class='ocrx_word' id='word_1_65' title='bbox 1020 948 1098 991; x_wconf 92' lang='lat' dir='ltr'><strong>pro</strong></span> <span class='ocrx_word' id='word_1_66' title='bbox 1120 933 1267 984; x_wconf 88' lang='lat' dir='ltr'><strong>nobis,</strong></span> <span class='ocrx_word' id='word_1_67' title='bbox 1289 941 1333 976; x_wconf 85' lang='lat' dir='ltr'><strong>et</strong></span> <span class='ocrx_word' id='word_1_68' title='bbox 1354 934 1501 992; x_wconf 84' lang='lat' dir='ltr'><strong>dignas</strong></span> <span class='ocrx_word' id='word_1_69' title='bbox 1526 948 1706 977; x_wconf 81' lang='lat' dir='ltr'><strong>conver-</strong></span> 
     </span>
     <span class='ocr_line' id='line_1_10' title="bbox 341 1001 1707 1062; baseline 0.004 -19"><span class='ocrx_word' id='word_1_70' title='bbox 341 1001 467 1043; x_wconf 88' lang='lat' dir='ltr'><strong>sionis</strong></span> <span class='ocrx_word' id='word_1_71' title='bbox 488 1010 643 1044; x_wconf 86' lang='lat' dir='ltr'><strong>nostrae</strong></span> <span class='ocrx_word' id='word_1_72' title='bbox 662 1002 820 1045; x_wconf 84' lang='lat' dir='ltr'><strong>hostias</strong></span> <span class='ocrx_word' id='word_1_73' title='bbox 835 1003 926 1046; x_wconf 86' lang='lat' dir='ltr'><strong>Deo</strong></span> <span class='ocrx_word' id='word_1_74' title='bbox 943 1003 1097 1047; x_wconf 88' lang='lat' dir='ltr'><strong>obtulit</strong></span> <span class='ocrx_word' id='word_1_75' title='bbox 1118 1019 1128 1046; x_wconf 90' lang='lat'>:</span> <span class='ocrx_word' id='word_1_76' title='bbox 1153 1004 1241 1062; x_wconf 90' lang='lat' dir='ltr'><strong>ipse</strong></span> <span class='ocrx_word' id='word_1_77' title='bbox 1258 1013 1322 1048; x_wconf 87' lang='lat' dir='ltr'><strong>est</strong></span> <span class='ocrx_word' id='word_1_78' title='bbox 1337 1005 1410 1062; x_wconf 90' lang='lat' dir='ltr'><strong>qui</strong></span> <span class='ocrx_word' id='word_1_79' title='bbox 1428 1004 1644 1060; x_wconf 79' lang='lat' dir='ltr'><strong>dormivit,</strong></span> <span class='ocrx_word' id='word_1_80' title='bbox 1661 1013 1707 1048; x_wconf 86' lang='lat' dir='ltr'><strong>et</strong></span> 
     </span>
     <span class='ocr_line' id='line_1_11' title="bbox 343 1071 1032 1132; baseline 0.003 -18"><span class='ocrx_word' id='word_1_81' title='bbox 343 1071 564 1129; x_wconf 78' lang='lat' dir='ltr'><strong>evigilavit.</strong></span> <span class='ocrx_word' id='word_1_82' title='bbox 1029 1129 1032 1132; x_wconf 14' lang='grc' dir='ltr'><strong><em>Δ</em></strong></span> 
     </span>
    </p>

    <p class='ocr_par' dir='ltr' id='par_1_3' title="bbox 338 1143 1723 2197">
     <span class='ocr_line' id='line_1_12' title="bbox 399 1143 1707 1207; baseline 0.005 -22"><span class='ocrx_word' id='word_1_83' title='bbox 399 1143 678 1187; x_wconf 89' lang='lat' dir='ltr'>LXXXVIII.</span> <span class='ocrx_word' id='word_1_84' title='bbox 707 1143 953 1187; x_wconf 87' lang='lat' dir='ltr'><strong>Cavendum</strong></span> <span class='ocrx_word' id='word_1_85' title='bbox 973 1153 1037 1188; x_wconf 89' lang='lat' dir='ltr'><strong>cst</strong></span> <span class='ocrx_word' id='word_1_86' title='bbox 1056 1162 1157 1205; x_wconf 83' lang='lat' dir='ltr'><strong>ergo</strong></span> <span class='ocrx_word' id='word_1_87' title='bbox 1172 1162 1227 1189; x_wconf 86' lang='lat' dir='ltr'><strong>ne</strong></span> <span class='ocrx_word' id='word_1_88' title='bbox 1247 1147 1489 1191; x_wconf 75' lang='lat' dir='ltr'><strong>obdormiat</strong></span> <span class='ocrx_word' id='word_1_89' title='bbox 1505 1155 1707 1207; x_wconf 83' lang='lat' dir='ltr'><strong>peccato-</strong></span> 
     </span>
     <span class='ocr_line' id='line_1_13' title="bbox 339 1211 1705 1274; baseline 0.004 -17"><span class='ocrx_word' id='word_1_90' title='bbox 339 1211 456 1258; x_wconf 77' lang='lat' dir='ltr'><strong>ribus</strong></span> <span class='ocrx_word' id='word_1_91' title='bbox 466 1231 477 1263; x_wconf 91' lang='lat'>;</span> <span class='ocrx_word' id='word_1_92' title='bbox 489 1214 732 1257; x_wconf 83' lang='lat' dir='ltr'><strong>obdormire</strong></span> <span class='ocrx_word' id='word_1_93' title='bbox 745 1215 858 1257; x_wconf 87' lang='lat' dir='ltr'><strong>enim</strong></span> <span class='ocrx_word' id='word_1_94' title='bbox 875 1215 1042 1258; x_wconf 86' lang='lat' dir='ltr'><strong>videtur</strong></span> <span class='ocrx_word' id='word_1_95' title='bbox 1058 1216 1122 1265; x_wconf 84' lang='lat' dir='ltr'><strong>iis,</strong></span> <span class='ocrx_word' id='word_1_96' title='bbox 1141 1218 1295 1274; x_wconf 90' lang='lat' dir='ltr'><strong>quibus</strong></span> <span class='ocrx_word' id='word_1_97' title='bbox 1308 1234 1394 1261; x_wconf 90' lang='lat' dir='ltr'><strong>non</strong></span> <span class='ocrx_word' id='word_1_98' title='bbox 1411 1219 1705 1270; x_wconf 84' lang='lat' dir='ltr'><strong>resurrexerit.</strong></span> 
     </span>
     <span class='ocr_line' id='line_1_14' title="bbox 342 1284 1705 1348; baseline 0.004 -21"><span class='ocrx_word' id='word_1_99' title='bbox 342 1294 386 1327; x_wconf 88' lang='lat' dir='ltr'><strong>et</strong></span> <span class='ocrx_word' id='word_1_100' title='bbox 412 1301 517 1343; x_wconf 88' lang='lat' dir='ltr'><strong>quos</strong></span> <span class='ocrx_word' id='word_1_101' title='bbox 547 1285 589 1327; x_wconf 90' lang='lat' dir='ltr'><strong>in</strong></span> <span class='ocrx_word' id='word_1_102' title='bbox 619 1284 748 1327; x_wconf 86' lang='lat' dir='ltr'><strong>finem</strong></span> <span class='ocrx_word' id='word_1_103' title='bbox 770 1287 949 1345; x_wconf 85' lang='lat' dir='ltr'><strong>repellit.</strong></span> <span class='ocrx_word' id='word_1_104' title='bbox 980 1286 1086 1339; x_wconf 89' lang='lat' dir='ltr'><strong>Quis</strong></span> <span class='ocrx_word' id='word_1_105' title='bbox 1108 1295 1249 1330; x_wconf 83' lang='lat' dir='ltr'><strong>autem</strong></span> <span class='ocrx_word' id='word_1_106' title='bbox 1272 1296 1336 1330; x_wconf 89' lang='lat' dir='ltr'><strong>est</strong></span> <span class='ocrx_word' id='word_1_107' title='bbox 1361 1289 1432 1346; x_wconf 89' lang='lat' dir='ltr'><strong>qui</strong></span> <span class='ocrx_word' id='word_1_108' title='bbox 1456 1289 1705 1348; x_wconf 72' lang='lat' dir='ltr'><strong>repellitur3</strong></span> 
     </span>
     <span class='ocr_line' id='line_1_15' title="bbox 344 1355 1707 1417; baseline 0.004 -20"><span class='ocrx_word' id='word_1_109' title='bbox 344 1356 424 1398; x_wconf 88' lang='lat' dir='ltr'><strong>nisi</strong></span> <span class='ocrx_word' id='word_1_110' title='bbox 448 1355 521 1413; x_wconf 92' lang='lat' dir='ltr'><strong>qui</strong></span> <span class='ocrx_word' id='word_1_111' title='bbox 548 1356 839 1414; x_wconf 84' lang='lat' dir='ltr'><strong>peregrinatur</strong></span> <span class='ocrx_word' id='word_1_112' title='bbox 865 1373 888 1399; x_wconf 87' lang='lat' dir='ltr'><strong>a</strong></span> <span class='ocrx_word' id='word_1_113' title='bbox 910 1357 1094 1400; x_wconf 90' lang='lat' dir='ltr'><strong>Domino</strong></span> <span class='ocrx_word' id='word_1_114' title='bbox 1112 1390 1123 1406; x_wconf 91' lang='lat'>,</span> <span class='ocrx_word' id='word_1_115' title='bbox 1146 1358 1246 1415; x_wconf 84' lang='lat' dir='ltr'><strong>quia</strong></span> <span class='ocrx_word' id='word_1_116' title='bbox 1266 1374 1352 1401; x_wconf 92' lang='lat' dir='ltr'><strong>non</strong></span> <span class='ocrx_word' id='word_1_117' title='bbox 1373 1359 1666 1417; x_wconf 83' lang='lat' dir='ltr'><strong>peregrinatur</strong></span> <span class='ocrx_word' id='word_1_118' title='bbox 1685 1375 1707 1402; x_wconf 88' lang='lat' dir='ltr'><strong>a</strong></span> 
     </span>
     <span class='ocr_line' id='line_1_16' title="bbox 338 1426 1712 1487; baseline 0.004 -19"><span class='ocrx_word' id='word_1_119' title='bbox 338 1426 555 1487; x_wconf 19' lang='lat' dir='ltr'><strong>“cor-porei)</strong></span> <span class='ocrx_word' id='word_1_120' title='bbox 580 1426 807 1479; x_wconf 88' lang='lat' dir='ltr'><strong>Quomodo</strong></span> <span class='ocrx_word' id='word_1_121' title='bbox 824 1428 936 1470; x_wconf 85' lang='lat' dir='ltr'><strong>enim</strong></span> <span class='ocrx_word' id='word_1_122' title='bbox 954 1437 1130 1486; x_wconf 82' lang='lat' dir='ltr'><strong>possunt</strong></span> <span class='ocrx_word' id='word_1_123' title='bbox 1145 1427 1235 1471; x_wconf 88' lang='lat' dir='ltr'><strong>Deo</strong></span> <span class='ocrx_word' id='word_1_124' title='bbox 1253 1430 1420 1487; x_wconf 84' lang='lat' dir='ltr'><strong>placere</strong></span> <span class='ocrx_word' id='word_1_125' title='bbox 1436 1429 1508 1487; x_wconf 90' lang='lat' dir='ltr'><strong>qui</strong></span> <span class='ocrx_word' id='word_1_126' title='bbox 1525 1430 1569 1472; x_wconf 89' lang='lat' dir='ltr'><strong>in</strong></span> <span class='ocrx_word' id='word_1_127' title='bbox 1585 1445 1712 1474; x_wconf 80' lang='lat' dir='ltr'><strong>carne</strong></span> 
     </span>
     <span class='ocr_line' id='line_1_17' title="bbox 348 1497 1713 1557; baseline 0.003 -17"><span class='ocrx_word' id='word_1_128' title='bbox 348 1506 446 1540; x_wconf 87' lang='lat' dir='ltr'><strong>sunt</strong></span> <span class='ocrx_word' id='word_1_129' title='bbox 463 1497 480 1538; x_wconf 75' lang='lat' dir='ltr'><em>P</em></span> <span class='ocrx_word' id='word_1_130' title='bbox 496 1498 548 1540; x_wconf 88' lang='lat' dir='ltr'><strong>Et</strong></span> <span class='ocrx_word' id='word_1_131' title='bbox 569 1498 664 1540; x_wconf 91' lang='lat' dir='ltr'><strong>ideo</strong></span> <span class='ocrx_word' id='word_1_132' title='bbox 685 1513 772 1540; x_wconf 90' lang='lat' dir='ltr'><strong>non</strong></span> <span class='ocrx_word' id='word_1_133' title='bbox 792 1499 835 1540; x_wconf 94' lang='lat' dir='ltr'><strong>in</strong></span> <span class='ocrx_word' id='word_1_134' title='bbox 865 1514 992 1542; x_wconf 87' lang='lat' dir='ltr'><strong>carne</strong></span> <span class='ocrx_word' id='word_1_135' title='bbox 1013 1499 1168 1549; x_wconf 90' lang='lat' dir='ltr'><strong>simus,</strong></span> <span class='ocrx_word' id='word_1_136' title='bbox 1193 1500 1268 1542; x_wconf 88' lang='lat' dir='ltr'><strong>sed</strong></span> <span class='ocrx_word' id='word_1_137' title='bbox 1289 1499 1439 1557; x_wconf 86' lang='lat' dir='ltr'><strong>spiritu</strong></span> <span class='ocrx_word' id='word_1_138' title='bbox 1459 1515 1470 1544; x_wconf 70' lang='grc' dir='ltr'><em>τ</em></span> <span class='ocrx_word' id='word_1_139' title='bbox 1497 1500 1713 1550; x_wconf 82' lang='lat' dir='ltr'><strong>adhaerea-</strong></span> 
     </span>
     <span class='ocr_line' id='line_1_18' title="bbox 347 1569 1714 1629; baseline 0.004 -18"><span class='ocrx_word' id='word_1_140' title='bbox 347 1585 444 1611; x_wconf 85' lang='lat' dir='ltr'><strong>mus</strong></span> <span class='ocrx_word' id='word_1_141' title='bbox 465 1569 648 1612; x_wconf 87' lang='lat' dir='ltr'><strong>Domino</strong></span> <span class='ocrx_word' id='word_1_142' title='bbox 673 1569 775 1612; x_wconf 83' lang='lat' dir='ltr'><strong>Jcsu</strong></span> <span class='ocrx_word' id='word_1_143' title='bbox 789 1602 800 1619; x_wconf 93' lang='lat'><strong>,</strong></span> <span class='ocrx_word' id='word_1_144' title='bbox 820 1570 892 1627; x_wconf 92' lang='lat' dir='ltr'><strong>qui</strong></span> <span class='ocrx_word' id='word_1_145' title='bbox 910 1586 954 1613; x_wconf 88' lang='lat' dir='ltr'><strong>se</strong></span> <span class='ocrx_word' id='word_1_146' title='bbox 976 1571 1016 1613; x_wconf 91' lang='lat' dir='ltr'><strong>in</strong></span> <span class='ocrx_word' id='word_1_147' title='bbox 1037 1571 1297 1629; x_wconf 83' lang='lat' dir='ltr'><strong>octogesimo</strong></span> <span class='ocrx_word' id='word_1_148' title='bbox 1313 1579 1356 1614; x_wconf 86' lang='lat' dir='ltr'><strong>et</strong></span> <span class='ocrx_word' id='word_1_149' title='bbox 1378 1580 1528 1616; x_wconf 79' lang='lat' dir='ltr'><strong>octavo</strong></span> <span class='ocrx_word' id='word_1_150' title='bbox 1547 1572 1714 1617; x_wconf 81' lang='lat' dir='ltr'><strong>Psalmo</strong></span> 
     </span>
     <span class='ocr_line' id='line_1_19' title="bbox 348 1640 1714 1701; baseline 0.004 -20"><span class='ocrx_word' id='word_1_151' title='bbox 348 1642 565 1698; x_wconf 84' lang='lat' dir='ltr'><strong>repulsum</strong></span> <span class='ocrx_word' id='word_1_152' title='bbox 593 1640 696 1683; x_wconf 87' lang='lat' dir='ltr'><strong>dicit</strong></span> <span class='ocrx_word' id='word_1_153' title='bbox 718 1656 797 1698; x_wconf 90' lang='lat' dir='ltr'><strong>pro</strong></span> <span class='ocrx_word' id='word_1_154' title='bbox 820 1641 955 1684; x_wconf 88' lang='lat' dir='ltr'><strong>nohis.</strong></span> <span class='ocrx_word' id='word_1_155' title='bbox 990 1659 1005 1680; x_wconf 71' lang='grc' dir='ltr'><strong>α</strong></span> <span class='ocrx_word' id='word_1_156' title='bbox 1030 1642 1096 1685; x_wconf 94' lang='lat' dir='ltr'><strong>Tu</strong></span> <span class='ocrx_word' id='word_1_157' title='bbox 1117 1656 1215 1684; x_wconf 79' lang='lat' dir='ltr'><strong>vero</strong></span> <span class='ocrx_word' id='word_1_158' title='bbox 1239 1642 1429 1701; x_wconf 85' lang='lat' dir='ltr'><strong>repulisti</strong></span> <span class='ocrx_word' id='word_1_159' title='bbox 1449 1658 1527 1701; x_wconf 87' lang='lat' dir='ltr'><strong>pro</strong></span> <span class='ocrx_word' id='word_1_160' title='bbox 1551 1643 1684 1686; x_wconf 89' lang='lat' dir='ltr'><strong>nihilo</strong></span> <span class='ocrx_word' id='word_1_161' title='bbox 1701 1677 1714 1694; x_wconf 82' lang='lat'><em>,</em></span> 
     </span>
     <span class='ocr_line' id='line_1_20' title="bbox 350 1711 1715 1761; baseline 0.005 -11"><span class='ocrx_word' id='word_1_162' title='bbox 350 1711 577 1761; x_wconf 85' lang='lat' dir='ltr'><strong>»Domine,</strong></span> <span class='ocrx_word' id='word_1_163' title='bbox 597 1711 794 1755; x_wconf 82' lang='lat' dir='ltr'><strong>distulisti</strong></span> <span class='ocrx_word' id='word_1_164' title='bbox 817 1711 1032 1754; x_wconf 87' lang='lat' dir='ltr'><strong>Christum</strong></span> <span class='ocrx_word' id='word_1_165' title='bbox 1050 1721 1188 1761; x_wconf 85' lang='lat' dir='ltr'><strong>tuum,</strong></span> <span class='ocrx_word' id='word_1_166' title='bbox 1207 1713 1391 1755; x_wconf 85' lang='lat' dir='ltr'><strong>evertisti</strong></span> <span class='ocrx_word' id='word_1_167' title='bbox 1413 1721 1715 1757; x_wconf 84' lang='lat' dir='ltr'><strong>testamentum</strong></span> 
     </span>
     <span class='ocr_line' id='line_1_21' title="bbox 341 1781 1717 1844; baseline 0.004 -22"><span class='ocrx_word' id='word_1_168' title='bbox 341 1799 367 1833; x_wconf 22' lang='grc' dir='ltr'><strong>Α»</strong></span> <span class='ocrx_word' id='word_1_169' title='bbox 381 1781 488 1823; x_wconf 89' lang='lat' dir='ltr'><strong>servi</strong></span> <span class='ocrx_word' id='word_1_170' title='bbox 510 1781 570 1823; x_wconf 91' lang='lat' dir='ltr'><strong>tui</strong></span> <span class='ocrx_word' id='word_1_171' title='bbox 593 1781 624 1824; x_wconf 83' lang='lat'><strong>¹.</strong></span> <span class='ocrx_word' id='word_1_172' title='bbox 650 1801 667 1822; x_wconf 80' lang='grc' dir='ltr'><strong>ιι</strong></span> <span class='ocrx_word' id='word_1_173' title='bbox 681 1782 828 1839; x_wconf 85' lang='lat' dir='ltr'><strong>Itaque</strong></span> <span class='ocrx_word' id='word_1_174' title='bbox 850 1783 1042 1840; x_wconf 87' lang='lat' dir='ltr'><strong>repulsus</strong></span> <span class='ocrx_word' id='word_1_175' title='bbox 1062 1783 1104 1825; x_wconf 93' lang='lat' dir='ltr'><strong>in</strong></span> <span class='ocrx_word' id='word_1_176' title='bbox 1121 1783 1244 1826; x_wconf 89' lang='lat' dir='ltr'><strong>nobis</strong></span> <span class='ocrx_word' id='word_1_177' title='bbox 1260 1783 1395 1826; x_wconf 85' lang='lat' dir='ltr'><strong>sactus</strong></span> <span class='ocrx_word' id='word_1_178' title='bbox 1415 1792 1478 1827; x_wconf 90' lang='lat' dir='ltr'><strong>est</strong></span> <span class='ocrx_word' id='word_1_179' title='bbox 1498 1784 1541 1826; x_wconf 90' lang='lat' dir='ltr'><strong>in</strong></span> <span class='ocrx_word' id='word_1_180' title='bbox 1566 1800 1717 1844; x_wconf 90' lang='lat' dir='ltr'><strong>oppro-</strong></span> 
     </span>
     <span class='ocr_line' id='line_1_22' title="bbox 351 1852 1718 1913; baseline 0.003 -17"><span class='ocrx_word' id='word_1_181' title='bbox 351 1852 494 1896; x_wconf 88' lang='lat' dir='ltr'><strong>brium</strong></span> <span class='ocrx_word' id='word_1_182' title='bbox 520 1853 667 1896; x_wconf 87' lang='lat' dir='ltr'><strong>vicinis</strong></span> <span class='ocrx_word' id='word_1_183' title='bbox 689 1854 774 1896; x_wconf 90' lang='lat' dir='ltr'><strong>suis</strong></span> <span class='ocrx_word' id='word_1_184' title='bbox 786 1870 798 1903; x_wconf 77' lang='lat'><em>3</em></span> <span class='ocrx_word' id='word_1_185' title='bbox 827 1855 898 1896; x_wconf 91' lang='lat' dir='ltr'><strong>ille</strong></span> <span class='ocrx_word' id='word_1_186' title='bbox 914 1854 1028 1896; x_wconf 82' lang='lat' dir='ltr'><strong>enim</strong></span> <span class='ocrx_word' id='word_1_187' title='bbox 1049 1855 1236 1913; x_wconf 87' lang='lat' dir='ltr'><strong>suscepit</strong></span> <span class='ocrx_word' id='word_1_188' title='bbox 1260 1855 1538 1913; x_wconf 88' lang='lat' dir='ltr'><strong>opprobrium</strong></span> <span class='ocrx_word' id='word_1_189' title='bbox 1555 1857 1718 1910; x_wconf 79' lang='lat' dir='ltr'><strong>crucis,</strong></span> 
     </span>
     <span class='ocr_line' id='line_1_23' title="bbox 350 1923 1719 1985; baseline 0.003 -19"><span class='ocrx_word' id='word_1_190' title='bbox 350 1933 399 1967; x_wconf 84' lang='lat' dir='ltr'><strong>ut</strong></span> <span class='ocrx_word' id='word_1_191' title='bbox 420 1939 497 1967; x_wconf 92' lang='lat' dir='ltr'><strong>nos</strong></span> <span class='ocrx_word' id='word_1_192' title='bbox 513 1923 690 1982; x_wconf 84' lang='lat' dir='ltr'><strong>gloriam</strong></span> <span class='ocrx_word' id='word_1_193' title='bbox 713 1939 797 1967; x_wconf 86' lang='lat' dir='ltr'><strong>suae</strong></span> <span class='ocrx_word' id='word_1_194' title='bbox 814 1925 1137 1968; x_wconf 85' lang='lat' dir='ltr'><strong>resurrectionis</strong></span> <span class='ocrx_word' id='word_1_195' title='bbox 1154 1925 1361 1969; x_wconf 87' lang='lat' dir='ltr'><strong>indueret.</strong></span> <span class='ocrx_word' id='word_1_196' title='bbox 1378 1927 1588 1985; x_wconf 85' lang='lat' dir='ltr'><strong>Repulsus</strong></span> <span class='ocrx_word' id='word_1_197' title='bbox 1609 1927 1719 1970; x_wconf 83' lang='lat' dir='ltr'><strong>vido-</strong></span> 
     </span>
     <span class='ocr_line' id='line_1_24' title="bbox 351 1996 1723 2056; baseline 0.003 -18"><span class='ocrx_word' id='word_1_198' title='bbox 351 2004 436 2046; x_wconf 87' lang='lat' dir='ltr'><strong>tur,</strong></span> <span class='ocrx_word' id='word_1_199' title='bbox 465 1996 582 2054; x_wconf 81' lang='lat' dir='ltr'><strong>quasi</strong></span> <span class='ocrx_word' id='word_1_200' title='bbox 605 2004 799 2039; x_wconf 88' lang='lat' dir='ltr'><strong>mortuus</strong></span> <span class='ocrx_word' id='word_1_201' title='bbox 818 2013 830 2045; x_wconf 80' lang='lat'><em>3</em></span> <span class='ocrx_word' id='word_1_202' title='bbox 858 2005 901 2039; x_wconf 89' lang='lat' dir='ltr'><strong>et</strong></span> <span class='ocrx_word' id='word_1_203' title='bbox 920 1997 1114 2054; x_wconf 81' lang='lat' dir='ltr'><strong>perfusus</strong></span> <span class='ocrx_word' id='word_1_204' title='bbox 1136 1997 1384 2040; x_wconf 86' lang='lat' dir='ltr'><strong>confusione</strong></span> <span class='ocrx_word' id='word_1_205' title='bbox 1398 2030 1410 2048; x_wconf 89' lang='lat'><strong><em>,</em></strong></span> <span class='ocrx_word' id='word_1_206' title='bbox 1434 1998 1552 2056; x_wconf 83' lang='lat' dir='ltr'><strong>quasi</strong></span> <span class='ocrx_word' id='word_1_207' title='bbox 1577 1998 1723 2042; x_wconf 55' lang='lat' dir='ltr'><strong>cruci-⁴</strong></span> 
     </span>
     <span class='ocr_line' id='line_1_25' title="bbox 351 2065 1720 2125; baseline 0.003 -16"><span class='ocrx_word' id='word_1_208' title='bbox 351 2065 490 2110; x_wconf 83' lang='lat' dir='ltr'><strong>fixus:</strong></span> <span class='ocrx_word' id='word_1_209' title='bbox 512 2068 587 2109; x_wconf 88' lang='lat' dir='ltr'><strong>sed</strong></span> <span class='ocrx_word' id='word_1_210' title='bbox 606 2066 865 2110; x_wconf 84' lang='lat' dir='ltr'><strong>benedictus</strong></span> <span class='ocrx_word' id='word_1_211' title='bbox 873 2076 936 2109; x_wconf 81' lang='lat' dir='ltr'><strong>est</strong></span> <span class='ocrx_word' id='word_1_212' title='bbox 960 2067 1004 2109; x_wconf 91' lang='lat' dir='ltr'><strong>in</strong></span> <span class='ocrx_word' id='word_1_213' title='bbox 1018 2075 1252 2125; x_wconf 65' lang='lat' dir='ltr'><strong>aeternum,</strong></span> <span class='ocrx_word' id='word_1_214' title='bbox 1277 2068 1352 2125; x_wconf 92' lang='lat' dir='ltr'><strong>qui</strong></span> <span class='ocrx_word' id='word_1_215' title='bbox 1373 2068 1720 2117; x_wconf 83' lang='lat' dir='ltr'><strong>maledictionem</strong></span> 
     </span>
     <span class='ocr_line' id='line_1_26' title="bbox 354 2137 1366 2197; baseline 0.002 -18"><span class='ocrx_word' id='word_1_216' title='bbox 354 2137 538 2186; x_wconf 87' lang='lat' dir='ltr'><strong>sustulit,</strong></span> <span class='ocrx_word' id='word_1_217' title='bbox 563 2137 873 2180; x_wconf 87' lang='lat' dir='ltr'><strong>benedictionis</strong></span> <span class='ocrx_word' id='word_1_218' title='bbox 895 2138 1071 2195; x_wconf 84' lang='lat' dir='ltr'><strong>gratiam</strong></span> <span class='ocrx_word' id='word_1_219' title='bbox 1095 2138 1366 2197; x_wconf 84' lang='lat' dir='ltr'><strong>comparavit.</strong></span> 
     </span>
    </p>

    <p class='ocr_par' dir='ltr' id='par_1_4' title="bbox 352 2185 1771 2706">
     <span class='ocr_line' id='line_1_27' title="bbox 410 2185 1771 2265; baseline 0 -15"><span class='ocrx_word' id='word_1_220' title='bbox 410 2207 658 2251; x_wconf 89' lang='lat' dir='ltr'>LXXXIX.</span> <span class='ocrx_word' id='word_1_221' title='bbox 695 2208 926 2265; x_wconf 83' lang='lat' dir='ltr'><strong>Sequitur:</strong></span> <span class='ocrx_word' id='word_1_222' title='bbox 955 2226 971 2248; x_wconf 91' lang='lat'>«</span> <span class='ocrx_word' id='word_1_223' title='bbox 993 2208 1136 2260; x_wconf 83' lang='lat' dir='ltr'><strong>Quare</strong></span> <span class='ocrx_word' id='word_1_224' title='bbox 1149 2208 1299 2251; x_wconf 80' lang='lat' dir='ltr'><strong>faciem</strong></span> <span class='ocrx_word' id='word_1_225' title='bbox 1317 2218 1433 2252; x_wconf 82' lang='lat' dir='ltr'><strong>tuam</strong></span> <span class='ocrx_word' id='word_1_226' title='bbox 1448 2209 1599 2259; x_wconf 84' lang='lat' dir='ltr'><strong>avertis</strong></span> <span class='ocrx_word' id='word_1_227' title='bbox 1616 2207 1631 2230; x_wconf 88' lang='lat'>²</span> <span class='ocrx_word' id='word_1_228' title='bbox 1625 2185 1689 2259; x_wconf 60' lang='lat' dir='ltr'><strong>‚P</strong></span> <span class='ocrx_word' id='word_1_229' title='bbox 1685 2228 1717 2255; x_wconf 95' lang='grc' dir='ltr'><strong>ιι</strong></span> <span class='ocrx_word' id='word_1_230' title='bbox 1743 2205 1771 2247; x_wconf 61' lang='grc' dir='ltr'><strong>ἑ-</strong></span> 
     </span>
     <span class='ocr_line' id='line_1_28' title="bbox 352 2278 1717 2338; baseline 0.001 -17"><span class='ocrx_word' id='word_1_231' title='bbox 352 2278 554 2321; x_wconf 85' lang='lat' dir='ltr'><strong>Avertere</strong></span> <span class='ocrx_word' id='word_1_232' title='bbox 585 2293 607 2320; x_wconf 85' lang='lat' dir='ltr'><strong>a</strong></span> <span class='ocrx_word' id='word_1_233' title='bbox 636 2279 759 2321; x_wconf 91' lang='lat' dir='ltr'><strong>nobis</strong></span> <span class='ocrx_word' id='word_1_234' title='bbox 786 2279 922 2322; x_wconf 83' lang='lat' dir='ltr'><strong>Deum</strong></span> <span class='ocrx_word' id='word_1_235' title='bbox 953 2279 1105 2322; x_wconf 82' lang='lat' dir='ltr'><strong>faciem</strong></span> <span class='ocrx_word' id='word_1_236' title='bbox 1134 2295 1254 2322; x_wconf 88' lang='lat' dir='ltr'><strong>suam</strong></span> <span class='ocrx_word' id='word_1_237' title='bbox 1287 2288 1514 2338; x_wconf 78' lang='lat' dir='ltr'><strong>putamuS,</strong></span> <span class='ocrx_word' id='word_1_238' title='bbox 1546 2279 1717 2337; x_wconf 72' lang='lat' dir='ltr'><strong>quando</strong></span> 
     </span>
     <span class='ocr_line' id='line_1_29' title="bbox 353 2350 1722 2407; baseline 0.002 -16"><span class='ocrx_word' id='word_1_239' title='bbox 353 2365 497 2399; x_wconf 88' lang='lat' dir='ltr'><strong>sumus</strong></span> <span class='ocrx_word' id='word_1_240' title='bbox 529 2350 570 2392; x_wconf 89' lang='lat' dir='ltr'><strong>in</strong></span> <span class='ocrx_word' id='word_1_241' title='bbox 601 2350 810 2407; x_wconf 84' lang='lat' dir='ltr'><strong>aliquibus</strong></span> <span class='ocrx_word' id='word_1_242' title='bbox 842 2351 1141 2394; x_wconf 75' lang='lat' dir='ltr'><strong>afflictionibus</strong></span> <span class='ocrx_word' id='word_1_243' title='bbox 1169 2352 1386 2395; x_wconf 81' lang='lat' dir='ltr'><strong>constituti</strong></span> <span class='ocrx_word' id='word_1_244' title='bbox 1411 2368 1424 2401; x_wconf 77' lang='lat'><em>3</em></span> <span class='ocrx_word' id='word_1_245' title='bbox 1457 2360 1506 2395; x_wconf 91' lang='lat' dir='ltr'><strong>ut</strong></span> <span class='ocrx_word' id='word_1_246' title='bbox 1535 2351 1722 2401; x_wconf 78' lang='lat' dir='ltr'><strong>tenebrae</strong></span> 
     </span>
     <span class='ocr_line' id='line_1_30' title="bbox 354 2420 1724 2481; baseline 0.004 -18"><span class='ocrx_word' id='word_1_247' title='bbox 354 2429 499 2475; x_wconf 88' lang='lat' dir='ltr'><strong>nostro</strong></span> <span class='ocrx_word' id='word_1_248' title='bbox 523 2420 800 2479; x_wconf 79' lang='lat' dir='ltr'><strong>offundantur</strong></span> <span class='ocrx_word' id='word_1_249' title='bbox 824 2421 1018 2472; x_wconf 82' lang='lat' dir='ltr'><strong>affectui,</strong></span> <span class='ocrx_word' id='word_1_250' title='bbox 1041 2423 1194 2480; x_wconf 88' lang='lat' dir='ltr'><strong>quibus</strong></span> <span class='ocrx_word' id='word_1_251' title='bbox 1221 2423 1412 2481; x_wconf 64' lang='lat' dir='ltr'><strong>impediti</strong></span> <span class='ocrx_word' id='word_1_252' title='bbox 1433 2423 1724 2481; x_wconf 23' lang='lat' dir='ltr'><strong>fulgoremffve&#39;-</strong></span> 
     </span>
     <span class='ocr_line' id='line_1_31' title="bbox 352 2491 1724 2556; baseline 0.002 -22"><span class='ocrx_word' id='word_1_253' title='bbox 352 2491 487 2556; x_wconf 33' lang='lat' dir='ltr'><strong>rita-tis</strong></span> <span class='ocrx_word' id='word_1_254' title='bbox 505 2491 638 2553; x_wconf 80' lang='lat' dir='ltr'><strong>oculis</strong></span> <span class='ocrx_word' id='word_1_255' title='bbox 654 2492 809 2535; x_wconf 68' lang='lat' dir='ltr'><strong>nostris</strong></span> <span class='ocrx_word' id='word_1_256' title='bbox 826 2492 996 2535; x_wconf 83' lang='lat' dir='ltr'><strong>haurire</strong></span> <span class='ocrx_word' id='word_1_257' title='bbox 1018 2508 1290 2551; x_wconf 83' lang='lat' dir='ltr'><strong>nequeamus.</strong></span> <span class='ocrx_word' id='word_1_258' title='bbox 1319 2494 1489 2537; x_wconf 81' lang='lat' dir='ltr'><strong>Etenim</strong></span> <span class='ocrx_word' id='word_1_259' title='bbox 1510 2494 1544 2543; x_wconf 82' lang='lat' dir='ltr'><strong>si</strong></span> <span class='ocrx_word' id='word_1_260' title='bbox 1565 2494 1611 2541; x_wconf 73' lang='lat' dir='ltr'><strong>in</strong></span> <span class='ocrx_word' id='word_1_261' title='bbox 1622 2509 1724 2544; x_wconf 65' lang='lat' dir='ltr'><strong>nos-„-</strong></span> 
     </span>
     <span class='ocr_line' id='line_1_32' title="bbox 355 2552 1723 2623; baseline 0.002 -16"><span class='ocrx_word' id='word_1_262' title='bbox 355 2571 475 2623; x_wconf 61' lang='lat' dir='ltr'><strong>trum</strong></span> <span class='ocrx_word' id='word_1_263' title='bbox 490 2552 604 2608; x_wconf 78' lang='lat' dir='ltr'><strong>Deus</strong></span> <span class='ocrx_word' id='word_1_264' title='bbox 621 2564 818 2622; x_wconf 83' lang='lat' dir='ltr'><strong>attendat</strong></span> <span class='ocrx_word' id='word_1_265' title='bbox 828 2563 1060 2621; x_wconf 82' lang='lat' dir='ltr'><strong>ingenium,</strong></span> <span class='ocrx_word' id='word_1_266' title='bbox 1079 2573 1119 2607; x_wconf 90' lang='lat' dir='ltr'><strong>et</strong></span> <span class='ocrx_word' id='word_1_267' title='bbox 1141 2573 1326 2608; x_wconf 84' lang='lat' dir='ltr'><strong>nostram</strong></span> <span class='ocrx_word' id='word_1_268' title='bbox 1346 2574 1533 2611; x_wconf 73' lang='lat' dir='ltr'><strong>mentem</strong></span> <span class='ocrx_word' id='word_1_269' title='bbox 1546 2565 1723 2615; x_wconf 50' lang='lat' dir='ltr'><strong>visitare</strong></span> 
     </span>
     <span class='ocr_line' id='line_1_33' title="bbox 354 2619 1723 2706; baseline 0.007 -32"><span class='ocrx_word' id='word_1_270' title='bbox 354 2619 569 2690; x_wconf 66' lang='lat' dir='ltr'><strong>dignetur,</strong></span> <span class='ocrx_word' id='word_1_271' title='bbox 592 2632 696 2676; x_wconf 86' lang='lat' dir='ltr'><strong>certi</strong></span> <span class='ocrx_word' id='word_1_272' title='bbox 717 2633 846 2676; x_wconf 87' lang='lat' dir='ltr'><strong>simus</strong></span> <span class='ocrx_word' id='word_1_273' title='bbox 863 2636 979 2693; x_wconf 89' lang='lat' dir='ltr'><strong>quod</strong></span> <span class='ocrx_word' id='word_1_274' title='bbox 995 2636 1110 2678; x_wconf 85' lang='lat' dir='ltr'><strong>nulla</strong></span> <span class='ocrx_word' id='word_1_275' title='bbox 1127 2650 1194 2678; x_wconf 85' lang='lat' dir='ltr'><strong>res</strong></span> <span class='ocrx_word' id='word_1_276' title='bbox 1211 2635 1333 2679; x_wconf 89' lang='lat' dir='ltr'><strong>nobis</strong></span> <span class='ocrx_word' id='word_1_277' title='bbox 1352 2634 1574 2702; x_wconf 83' lang='lat' dir='ltr'><strong>caliginem</strong></span> <span class='ocrx_word' id='word_1_278' title='bbox 1592 2636 1723 2706; x_wconf 75' lang='lat' dir='ltr'><strong>possit</strong></span> 
     </span>
    </p>
   </div>
   <div class='ocr_carea' id='block_1_3' title="bbox 402 2709 1170 2782">
    <p class='ocr_par' dir='ltr' id='par_1_5' title="bbox 402 2709 1170 2782">
     <span class='ocr_line' id='line_1_34' title="bbox 402 2709 1170 2782; baseline 0.004 -23"><span class='ocrx_word' id='word_1_279' title='bbox 402 2717 516 2768; x_wconf 37' lang='lat' dir='ltr'><strong>1&#39;1’sal.</strong></span> <span class='ocrx_word' id='word_1_280' title='bbox 534 2718 691 2769; x_wconf 55' lang='lat' dir='ltr'><strong>cxxxviii,</strong></span> <span class='ocrx_word' id='word_1_281' title='bbox 708 2729 761 2782; x_wconf 60' lang='lat'><strong>59,</strong></span> <span class='ocrx_word' id='word_1_282' title='bbox 773 2709 827 2768; x_wconf 37' lang='lat'><strong>4¹0,</strong></span> <span class='ocrx_word' id='word_1_283' title='bbox 851 2748 891 2754; x_wconf 92' lang='lat'>—</span> <span class='ocrx_word' id='word_1_284' title='bbox 908 2738 920 2752; x_wconf 75' lang='lat'>²</span> <span class='ocrx_word' id='word_1_285' title='bbox 937 2730 990 2765; x_wconf 84' lang='lat' dir='ltr'><strong>ld.</strong></span> <span class='ocrx_word' id='word_1_286' title='bbox 1002 2741 1102 2772; x_wconf 60' lang='grc' dir='ltr'><strong>ριιμιι,</strong></span> <span class='ocrx_word' id='word_1_287' title='bbox 1121 2730 1170 2771; x_wconf 56' lang='lat'><strong>242</strong></span> 
     </span>
    </p>
   </div>
  </div>
 </body>
</html>
