1794 3256
378 298 466 356 43⁰
769 327 788 350 ;,-
930 304 960 339 s.
1001 304 1194 339 &sinuosu-

375 390 595 461 intraveut
618 384 846 453 plenitudo
873 388 1084 448 gentium,
1122 397 1225 432 tunc
1262 380 1400 433 omnis
1420 385 1587 437 Israel
1601 387 1740 449 salvus

376 468 467 518 erit.
486 465 591 520 Quis
609 472 751 523 potest
764 461 903 505 divina
920 459 1120 518 mysteria
1139 461 1500 519 comprehendere
1514 462 1740 519 PQuorum

377 546 494 590 tanta
520 535 752 586 multitudo
777 540 863 581 est,
892 539 942 585 ut
960 530 1057 591 jure
1081 531 1235 574 Paulus
1266 531 1467 583 miretur,
1502 534 1742 594 meritoque

378 606 530 652 dixerit
547 621 556 649 :
574 624 589 645 «
600 606 638 649 Ο
657 604 833 646 altitudo
846 602 1087 645 divitiarum
1103 602 1316 660 sapientiae
1329 612 1372 646 et
1382 603 1565 648 scientiae
1573 604 1670 661 Dei*
1690 606 1733 648 1.»

376 678 724 736 Repulsaegentes
736 681 856 723 sunt,
876 679 924 714 ut
943 671 1173 730 eligeretur
1194 672 1347 716 Israel:
1372 669 1554 718 caecatu's
1570 683 1634 718 est
1647 690 1744 734 pos-

376 755 443 790 tea
480 747 620 801 Israel
638 752 814 803 propter
842 741 1111 791 vocationem
1134 743 1322 801 gentium
1336 760 1349 794 3
1372 752 1418 787 et
1444 745 1590 789 caecati
1615 747 1745 791 Israel

374 817 562 875 reliquiae
585 816 821 862 secundum
853 812 1107 857 electionem
1135 813 1280 872 gratiae
1313 814 1436 859 salvae
1466 815 1587 860 factae
1621 826 1742 868 sunt,

375 897 601 948 postquam
614 885 785 929 intravit
806 883 996 943 gentium
1019 884 1251 942 plenitudo.
1278 885 1341 928 Ita
1361 886 1485 944 culpa
1506 886 1635 933 lsrael
1651 903 1747 945 pro-

378 959 457 1002 fuit
477 957 673 1016 gentibus
698 971 708 999 :
734 954 838 998 fides
860 955 1051 1013 gentium
1068 955 1299 998 Israelitem
1316 957 1523 1014 populum
1534 957 1740 1003 liberavit.
1783 974 1786 977 ’

435 1027 582 1072 XXX.
601 1044 618 1066 ι(
637 1025 854 1070 Effundite
870 1057 881 1074 ‚
908 1024 1071 1082 inquit,
1101 1025 1252 1068 corhm
1279 1025 1350 1068 illo
1372 1027 1499 1070 corda
1523 1027 1699 1081 vestra&
1721 1047 1739 1069 »

379 1100 464 1155 Qui
485 1099 624 1143 induit
649 1097 799 1148 fidem,
828 1097 946 1156 prius
962 1095 1187 1155 perfidiam
1205 1097 1332 1140 debet
1349 1113 1525 1148 exuere,
1543 1113 1749 1144 evacuare

382 1186 458 1214 cor
473 1185 597 1213 suum
618 1168 735 1211 omni
751 1167 848 1211 labe
864 1167 1066 1219 malitiae3
1089 1175 1142 1210 ut
1163 1182 1295 1226 capax
1315 1166 1390 1211 fiat
1409 1183 1484 1211 cor
1499 1168 1595 1227 ejus
1605 1171 1749 1230 gratiae

378 1239 588 1300 spiritalis.
612 1239 799 1296 Ideoque
820 1237 1052 1296 Apostolus
1068 1237 1148 1280 ait:
1165 1238 1750 1298 «Renovaminispiritumen-

378 1334 393 1357 n
409 1314 461 1361 tis
482 1310 675 1356 vestrae⁵.
696 1329 713 1352 »
741 1309 852 1353 Cum
877 1309 998 1352 enim
1028 1308 1261 1352 effunditur
1284 1318 1405 1353 vetus
1429 1310 1609 1362 malitia,
1633 1327 1748 1363 =nova

378 1383 561 1428 sumitur
581 1382 734 1441 gretia,
763 1395 848 1438 qua
868 1379 1164 1438 unusquisque
1182 1388 1422 1423 renovatur.
1443 1381 1557 1424 Dicit
1571 1397 1671 1440 ergo
1681 1382 1750 1426 Fi-

315 1457 317 1471 ⁵
377 1455 459 1498 lius
480 1453 558 1497 Dei
578 1467 588 1494 :
609 1470 625 1492 α
644 1451 862 1495 Effundite
888 1466 1034 1494 coram
1056 1450 1127 1493 illo
1150 1451 1280 1492 corda
1303 1459 1462 1501 vestrm
1481 1468 1499 1492 υ
1519 1452 1616 1509 qnia
1638 1453 1748 1497 scie-

377 1526 453 1579 bat
483 1525 652 1569 Patrem
675 1538 767 1566 esse
793 1523 1009 1566 dicturum
1033 1536 1076 1572 εις
1111 1519 1339 1564 Effundam
1371 1521 1425 1566 de
1458 1522 1619 1581 Spiritu
1648 1539 1746 1568 meo

374 1615 390 1638 »
405 1611 531 1655 super
556 1609 730 1638 omnem
761 1591 975 1638 carnem‘*.
999 1611 1016 1633 »
1040 1593 1115 1636 Est
1136 1593 1263 1636 etiam
1279 1593 1350 1636 illa
1370 1594 1566 1647 traditio,
1600 1604 1650 1639 ut
1671 1611 1747 1641 cor

371 1676 566 1711 nostrum
586 1666 807 1710 videamur
840 1662 1083 1714 effundere,
1109 1664 1278 1721 quando
1299 1678 1444 1708 omnes
1469 1665 1744 1725 cogitationes

376 1738 502 1782 alicui
526 1746 570 1783 et
586 1737 831 1781 voluntates
852 1734 987 1777 nostri
1000 1734 1139 1777 cordis
1161 1734 1383 1793 aperimus.
1405 1735 1517 1795 Ergo
1534 1736 1745 1795 jactemus

374 1811 416 1854 in
437 1810 575 1854 Deum
594 1806 875 1865 cogitationes
896 1813 1060 1848 nostras
1073 1837 1086 1855 ‚
1104 1821 1184 1848 nec
1206 1806 1365 1864 aliquid
1384 1823 1484 1851 eum
1503 1810 1636 1857 latere
1655 1824 1745 1857 cre—

372 1884 534 1926 damus.
563 1878 831 1945 Effundimus
853 1893 929 1920 cor
953 1885 1150 1920 nostrum
1167 1892 1312 1921 coram
1331 1879 1442 1938 ipso,
1462 1894 1561 1927 cum
1584 1882 1744 1942 discep-

371 1953 550 1996 tationes
567 1949 832 1996 exinanimus
854 1948 1074 1990 humanas.
1727 1990 1730 1995 ,

431 2021 597 2067 XXXI.
616 2020 951 2064 «Verumtamen
983 2017 1080 2061 vani
1110 2017 1186 2062 filii
1217 2018 1441 2063 hominum
1471 2036 1495 2069 :¹
1514 2023 1742 2070 mendaces

370 2092 476 2140 »filii
508 2091 730 2135 hominum
757 2090 801 2132 in
830 2087 997 2132 stateris
1018 2121 1029 2137 .
1069 2096 1118 2132 ut
1147 2089 1400 2148 decipiant⁵.
1418 2108 1443 2150 ‘.”
1465 2090 1510 2135 Si
1543 2094 1639 2137 vani
1664 2093 1742 2141 filii

374 2164 597 2207 hominum
613 2196 624 2212 ,
648 2170 691 2205 et
710 2162 941 2209 mendaces
970 2158 1047 2203 filii
1067 2159 1313 2212 hominum,
1337 2171 1514 2220 possunt
1542 2179 1629 2212 non
1644 2167 1743 2221 vani

377 2242 470 2278 esse
496 2233 572 2280 filii
596 2232 674 2278 Dei
710 2231 783 2289 qui
817 2246 906 2274 non
937 2245 989 2274 ex
1020 2231 1250 2289 sanguine,
1276 2247 1414 2290 neque
1441 2248 1494 2278 ex
1522 2237 1742 2285 ,voluntate

375 2305 514 2349 carnis
527 2337 539 2355 ,
564 2318 703 2361 neque
721 2318 773 2346 ex
787 2302 1005 2345 voluntate
1017 2301 1117 2353 viri,
1137 2303 1212 2345 sed
1223 2317 1275 2345 ex
1293 2302 1383 2347 Deo
1393 2304 1480 2348 nati
1495 2314 1609 2354 sume
1630 2306 1743 2353 Nam

376 2373 701 2421 filiihominum
721 2373 918 2417 videntur
937 2371 1016 2415 sibi
1036 2373 1272 2430 ponderare
1288 2373 1530 2431 aequitatem
1551 2383 1595 2420 et
1607 2377 1741 2435 gravi-

374 2453 462 2489 tate
479 2444 700 2489 severioris
723 2443 871 2502 judicii
895 2442 1135 2488 examinare
1158 2442 1362 2502 justitiam
1376 2476 1388 2495 ‚
1410 2445 1507 2489 duri
1522 2446 1634 2497 aliis,
1657 2447 1736 2492 sibi

374 2516 565 2568 remissi,
586 2515 787 2576 operibus
821 2514 978 2574 iniqui,
1005 2529 1200 2560 sermone
1224 2529 1435 2566 censores
1466 2517 1586 2562 Unde
1602 2516 1741 2567 Salo-

415 2619 542 2652 ¹Rom
553 2620 679 2659 ¹1‚-⁷›5
698 2639 739 2648 -
753 2619 863 2656 ².Psal
881 2631 1058 2665 11¹1‚9.-
1081 2620 1734 2678 ³Ephes.1v,23.-⁴Joel.1528...

368 2675 383 2701 ⁶
402 2674 485 2713 Psal.
511 2684 577 2719 uxr,
597 2684 646 2709 ιο.
1727 2682 1739 2692 ”
