1794 3256
1028 189 1064 226 0

315 293 398 336 260
865 307 898 336 s.
939 306 1131 335 Aunaosn

305 406 320 426 ,η
336 384 452 436 nisti,
480 384 638 444 inquit,
653 399 749 433 ane.
772 384 854 427 »Et
874 384 1094 447 respondit
1114 385 1225 430 Elias
1246 387 1454 433 :slnveni
1465 388 1601 447 ‚mquia
1612 389 1678 435 fo·-
1697 408 1699 411 ·

307 477 322 498 n
337 457 431 513 cisti
453 456 687 515 malignum
713 454 756 498 in
782 459 1021 513 conspecu-,ti
1035 455 1208 499 Domini
1222 456 1259 501 .¹.
1280 476 1296 499 n
1309 458 1438 503 Vides
1457 475 1566 519 ergo
1579 462 1677 519 quia

305 527 478 586 regibus
498 541 585 573 non
607 534 770 582 temero
785 526 852 569 vel
868 541 890 568 a
905 526 1126 585 Prophetis
1139 527 1240 578 Dei,
1256 529 1322 572 vel
1342 545 1365 572 a
1385 531 1678 577 sacerdotibus

303 597 496 654 facienda
518 597 673 655 injuria
691 597 744 639 sit
757 614 769 647 3
791 595 825 639 si
848 597 966 640 nulla
988 596 1076 640 sint
1093 597 1280 656 graviora
1303 609 1503 664 peccata,
1521 601 1679 660 inqui-

303 670 383 712 bus
409 669 594 712 debcant
623 667 739 726 argui
765 682 774 710 τ
798 667 874 710 ubi
897 676 1044 712 autem
1059 677 1235 726 peccata
1260 670 1451 728 graviora
1473 680 1596 723 sunt,
1614 672 1679 717 ibi

301 754 388 781 non
410 738 579 782 videtur
608 754 630 781 a
653 738 873 782 sacerdote
895 739 1182 797 parcendum,
1206 747 1254 782 ut
1276 739 1403 797 justis
1414 740 1680 801 increpatio·-

301 809 426 851 nibus
446 807 728 866 corrigantur.

362 878 513 924 XLIV.
540 879 701 921 Tamen
722 877 897 921 David
885 893 929 920 m
957 876 1046 921 hoc
1069 879 1165 922 loco
1188 879 1290 924 dicit
1311 882 1425 938 quod
1444 882 1579 927 nihil
1566 896 1683 928 mve-

302 949 413 992 nisse
435 948 686 998 videantur;
704 956 747 990 et
765 947 886 991 ideo·
875 947 1036 991 mimici
1053 948 1145 1007 ejus
1160 949 1390 995 vanitatem
1404 953 1555 998 locuti
1561 962 1674 1006 sunt,

303 1019 504 1077 quoniam
527 1019 634 1062 nihil
655 1020 769 1076 quod
794 1034 871 1077 pro
902 1019 1079 1063 veritate
1099 1021 1397 1078 loquerentur,
1423 1023 1672 1069 invenerint.

303 1091 390 1133 Aut
423 1097 564 1139 certe,
599 1090 698 1146 quia
725 1089 803 1133 etsi
830 1090 1032 1148 peccavi,
1054 1099 1198 1134 tamen
1223 1101 1399 1150 peccata
1421 1109 1515 1138 mea
1542 1095 1680 1154 p'oeni-

302 1160 424 1203 tendi
442 1161 589 1203 dolore
602 1160 851 1218 purgabam.
875 1161 923 1203 In
941 1176 1025 1218 quo
1042 1161 1101 1204 illi
1118 1176 1216 1204 cum
1236 1163 1334 1206 dolo
1351 1174 1521 1208 mecum
1537 1166 1681 1223 loque-

303 1232 459 1274 bantur
471 1247 484 1280 3
498 1239 546 1273 ut
562 1245 632 1273 me
645 1230 715 1288 obj
723 1230 1274 1288 urgationelconfundcrent
1285 1267 1296 1282 ,
1309 1241 1352 1276 et
1368 1248 1391 1276 a
1404 1235 1694 1280 conversione-

305 1308 567 1344 revocarent.
593 1300 648 1344 Et
670 1300 766 1344 vide
792 1316 846 1343 ne
867 1300 951 1344 hoc
977 1301 1110 1359 magis
1133 1303 1334 1353 senserit,
1363 1305 1560 1362 quaesisse
1586 1305 1679 1349 illos

304 1372 415 1414 mala
429 1371 522 1428 ejus
543 1386 552 1413 ε
576 1372 651 1414 sed
667 1385 766 1413 cum
783 1371 941 1414 vellent
959 1385 1159 1414 accusare
1172 1405 1182 1421 ‚
1204 1381 1440 1430 praeventos
1452 1390 1464 1423 ς
1478 1375 1679 1432 quoniam

305 1443 483 1484 vulnera
511 1457 585 1484 sua
620 1441 708 1498 ipse
738 1441 1019 1498 patefecerat,
1050 1441 1114 1483 sui
1147 1450 1370 1486 accusator
1398 1444 1605 1494 existens;
1637 1453 1680 1489 et

305 1509 401 1554 ideo
438 1510 524 1555 vim
557 1510 835 1553 accusationis
871 1525 1022 1554 eorum
1056 1527 1147 1554 esse
1185 1513 1431 1556 annulatam
1461 1528 1470 1556 τ
1499 1515 1679 1563 ,locutos

306 1589 450 1623 antem
471 1579 600 1623 fuisse
623 1595 751 1630 vana,
776 1595 870 1637 quae
893 1580 1086 1624 confesso
1113 1582 1284 1640 culpam
1308 1597 1462 1626 nocere
1482 1583 1571 1641 jam
1593 1599 1681 1633 non

306 1658 496 1708 possent.

366 1719 494 1764 XLV.
535 1720 706 1765 Exclusi
750 1720 879 1779 igitur
912 1735 935 1763 a
969 1720 1276 1766 criminationis
1313 1690 1492 1775 invidia,
1526 1725 1678 1772 dolum

306 1791 590 1840 adhibebant,
615 1799 663 1834 ut
679 1791 976 1850 insurgerent,
1007 1792 1190 1850 inquit,
1201 1801 1244 1836 et
1264 1794 1369 1838 mihi
1398 1795 1677 1849 insultarent,
1696 1789 1701 1792 ¹

309 1878 393 1918 qno
416 1876 485 1905 me
511 1861 778 1920 stimularent
805 1863 858 1906 ad
883 1855 1068 1920 aliquam
1097 1842 1431 1910 commotionem
1463 1883 1473 1910 ε
1496 1883 1681 1926 quorum

309 1947 387 1992 ogo
411 1933 555 1976 dolum
582 1931 749 1983 videns,
767 1950 782 1972 α
803 1931 930 1989 Velut
956 1935 1109 1977 surdus
1131 1950 1217 1978 non
1239 1937 1476 1981 audiebam.
1503 1957 1519 1980 t>
1534 1938 1679 1983 Consi-

307 2004 410 2052 dera
438 2002 524 2045 vim
555 2003 773 2046 sermonis.
812 2003 905 2047 Non
931 2005 1058 2055 dixit,
1091 2006 1189 2063 quia
1221 2007 1472 2055 simulabam
1495 2025 1582 2062 non
1609 2025 1678 2055 me

311 2073 457 2115 audire
479 2088 572 2130 quae
594 2073 810 2117 dicerent:
829 2076 932 2118 sed«
950 2075 1044 2119 Non
1063 2076 1290 2121 audiebam
1302 2111 1314 2129 ,
1334 2098 1350 2119 »
1364 2079 1469 2138 dixit
1479 2089 1550 2131 {et
1563 2072 1680 2140 quod

310 2144 545 2187 intentione
562 2145 716 2188 mentis
737 2160 887 2189 vocem
913 2147 1125 2204 loquentis
1148 2151 1415 2200 excluderet;
1439 2166 1518 2195 nec
1541 2143 1695 2211 aperiss

312 2224 378 2259 ret
394 2231 439 2259 os
456 2231 602 2274 suum,
626 2216 736 2260 sicut
750 2225 917 2278 mutus,
935 2219 1091 2263 Beatus
1108 2221 1180 2279 qui
1191 2230 1331 2281 potest
1343 2230 1506 2268 tantam
1521 2223 1684 2269 habere

311 2286 536 2337 virtutem,
560 2294 609 2329 ut
633 2287 851 2332 lacessitus
877 2303 962 2333 non
995 2290 1213 2347 irascatur,
1236 2302 1476 2338 commotus
1500 2306 1545 2338 se‘
1574 2294 1683 2339 nolit

312 2358 476 2402 ulcisci.
503 2355 671 2400 Inimici
694 2358 777 2403 ho'c
801 2367 952 2419 agunt,
972 2370 1019 2404 ut
1044 2372 1277 2422 provocent
1298 2366 1353 2408 ad
1380 2364 1643 2410 iracundiam
1667 2379 1677 2406 ε

309 2427 597 2477 maledicunt,
621 2435 671 2470 ut
690 2430 996 2475 maledicamus
1019 2448 1030 2474 e
1052 2433 1346 2485 criminantur.
1372 2444 1420 2480 ut
1441 2435 1603 2482 crimen
1618 2450 1682 2480 re-

312 2509 588 2558 torqueamus
610 2513 620 2540 :
647 2501 954 2554 conviciantur,
971 2500 1026 2547 'ut
1051 2505 1236 2567 excitent
1257 2521 1334 2549 nos
1362 2508 1415 2550 ad
1431 2506 1684 2551 ‘vicissitudi-

352 2586 417 2615 am
442 2569 722 2616 contumeliae.
755 2573 875 2621 Unde
906 2576 1107 2634 praeclare
1130 2567 1278 2624 Petrus
1299 2577 1352 2626 de
1377 2577 1560 2627 Domino
1577 2575 1689 2628 «lesu

362 2665 421 2711 [ὅ
437 2664 517 2709 Reg.
530 2674 609 2709 xm,
635 2672 688 2697 20.
