1794 3256
327 342 416 392 424
884 361 914 391 ε
956 362 1172 391 ιιιιιιιοειι

312 441 489 500 peccata
506 435 701 487 donavit,
727 439 799 481 lux
822 438 985 481 refulsit
1006 439 1286 499 conscientiae
1300 419 1485 502 purioris
1498 449 1580 501 „et
1601 441 1724 505 diest„

313 501 577 567 resplenduit
598 509 743 572 gratiae
757 509 969 571 spiritalis
984 498 1115 556 Unde
1136 519 1178 554 et
1200 493 1435 582 ΑΡὸ5ιοῘιι5
1452 511 1546 555 ait:
1557 530 1580 553 ι
1600 501 1717 565 Nox⁷

315 579 583 637 »praecessit,
625 580 714 624 dies
746 580 1110 640 appropinquavit
1118 581 1151 625 ¹.
1178 601 1194 622 »
1215 567 1527 647 Evigilavimus
1537 583 1728 647 igitur„

314 648 405 716 jam
426 664 512 691 non
529 641 802 697 dormiamus
828 650 999 696 Vestem
1008 651 1128 701 lucis
1145 651 1388 717 induimus,
1407 668 1488 714 nec
1489 654 1572 717 ἰιι
1567 654 1719 714 ειιιιίοε

316 728 385 762 tus
413 720 647 769 tenebrosae
678 721 1011 773 conversationis
1032 731 1172 782 atque
1206 724 1378 786 exugias
1407 732 1700 789 *fevermfflmsff
1696 764 1727 788 :-

318 789 708 836 Comessationibus
728 801 854 851 atque
872 783 1061 849 deliciis,
1089 809 1184 852 quae
1201 794 1405 860 nocturni
1420 803 1521 850 sunt
1533 803 1703 858 tem99-
1712 834 1730 844 ,,

319 859 399 911 ris,
417 862 509 904 vale
529 861 733 906 diximus·
746 864 1023 927 sobrietatem
1041 864 1267 923 elegimus,
1282 865 1406 924 cujus
1411 860 1731 941 ςιιιῑίιιᾶειοᾳῦἑ

318 926 527 989 primatus
548 948 656 991 quos
671 949 760 977 non
783 934 995 986 habebat,
1015 935 1192 979 invenit.
1480 963 1484 966 >
1723 965 1726 970 ·

382 1001 559 1046 XV.1n
590 998 680 1047 aliis
709 1019 879 1064 quoque
907 1006 1128 1048 codicibus
1154 996 1404 1061 invenitur·
1426 1023 1444 1045 α
1452 1004 1706 1069 Adjuvablt

324 1090 341 1112 >³
355 1087 450 1115 eam
470 1070 584 1116 Deus
606 1075 727 1117 vultu
746 1090 836 1118 suo.
860 1094 875 1115 n
890 1076 1007 1129 Quid
1034 1076 1117 1119 hoc
1139 1091 1311 1135 quoque
1339 1059 1585 1142 significet,
1605 1089 1708 1141 ¹ipse
1727 1127 1729 1130 .

323 1142 545 1200 Propheta
558 1136 634 1187 nos
657 1145 820 1188 doceat.
853 1145 1080 1204 Namque
1069 1162 1159 1206 lpse
1177 1147 1220 1189 in
1237 1139 1549 1212 posterioribus
1571 1137 1708 1213 dixit:

339 1212 559 1257 «Ostende
578 1213 730 1258 faciem
752 1224 896 1270 tuam,
929 1225 971 1259 et
993 1217 1095 1260 salvi
1117 1215 1305 1276 erimus²
1313 1249 1323 1260 .
1345 1235 1362 1256 ι)
1376 1210 1590 1282 Aspectus
1606 1230 1710 1273 ergo

328 1284 432 1334 Dei,
456 1285 567 1328 salus
591 1283 735 1329 nostra
756 1295 841 1338 est,
862 1296 988 1368 atque
1010 1288 1052 1330 in
1066 1287 1160 1345 ejus
1183 1289 1304 1340 vultu
1326 1295 1523 1345 nostrum
1544 1294 1608 1329 est
1635 1285 1716 1338 ad·-

329 1348 584 1427 jumentum
599 1357 651 1400 In
666 1373 750 1415 quo
767 1367 922 1416 quanta
944 1357 1004 1401 vis
1021 1358 1097 1408 sit,
1113 1358 1255 1401 divina
1272 1338 1493 1424 Scriptura
1505 1356 1734 1413 declarat,-

334 1443 428 1486 quae
445 1443 530 1471 non
547 1428 680 1472 otiose
694 1429 892 1480 attexuit,
905 1430 1020 1488 quod
1034 1422 1263 1488 «Respexit
1266 1422 1381 1472 Deus
1391 1444 1521 1489 super
1538 1441 1733 1493 munera

333 1517 349 1539 »
365 1498 497 1553 Abel,
520 1514 646 1557 super
666 1495 843 1565 munera
871 1508 1012 1543 autem
1040 1499 1145 1543 Cain
1167 1515 1253 1558 non
1271 1492 1516 1568 respexit,
1475 1495 1517 1526 ⁸·
1506 1497 1716 1541 ·»etideo

335 1568 612 1624 contristatus
636 1578 700 1613 est
731 1571 854 1620 Cain,
883 1572 1000 1629 quod
1025 1553 1283 1623 sacrificium
1305 1585 1431 1639 suum
1450 1569 1542 1632 Deo
1565 1554 1715 1628 'displi-

338 1640 476 1684 cuisse
500 1640 718 1699 cognovit,
751 1641 960 1700 placuisse
986 1635 1191 1722 germani.
1229 1637 1364 1709 Unde
1378 1618 1426 1684 et
1460 1641 1583 1698 illud
1602 1640 1720 1705 qnod

338 1711 505 1754 hodie
494 1727 538 1754 m
571 1711 726 1755 Psalmi
755 1713 1025 1772 responsorio
1053 1715 1332 1756 decantatum
1353 1720 1417 1767 est
1441 1699 1722 1778 (62),Ρ1ιιι·ἰ-

339 1799 460 1841 mum
490 1792 645 1829 nostrae
674 1785 878 1829 conducit
906 1785 1126 1828 assertioni
1158 1800 1168 1827 :
1194 1802 1211 1824 α
1214 1785 1473 1851 Expectans
1500 1773 1720 1849 expectavi

341 1854 626 1904 »Dominum,
658 1863 701 1898 et
727 1856 911 1913 respexit
940 1855 1044 1898 me¹⁸
1052 1887 1062 1898 .
1089 1873 1104 1894 ι)
1120 1855 1261 1925 Quem
1286 1855 1495 1907 Dominus
1517 1851 1733 1910 respicit,

343 1927 487 1968 salvat.
513 1925 707 1992 Denique
736 1925 779 1968 in
800 1926 970 1968 Domini
997 1920 1193 1984 passione
1216 1940 1316 1967 cum
1340 1913 1547 1981 titubaret
1572 1923 1724 1966 Petrus

346 2012 564 2046 sermone,
584 2012 670 2040 non
680 2006 823 2040 mente
840 1997 992 2054 (licet
982 2013 1071 2056 lpse
1087 1997 1202 2040 Petri
1220 2012 1359 2039 sermo
1383 1996 1606 2055 titubantis
1619 1994 1729 2039 fide-

346 2069 427 2112 lior
448 2069 526 2118 sit,
550 2084 678 2126 quam
701 2069 894 2112 doctrina
918 2068 1180 2124 multorum)
1199 2068 1381 2126 respexit
1396 2061 1497 2133 eum
1516 2055 1729 2116 Christus,

348 2148 392 2183 et
411 2140 561 2183 Petrus
575 2139 713 2189 ssevit,
730 2155 814 2197 quo
829 2139 1051 2198 proprium
1068 2128 1168 2181 lavit
1179 2154 1382 2181 errorem.
1402 2124 1474 2180 Ita
1475 2131 1605 2196 quem
1615 2137 1732 2180 visus

351 2219 416 2254 est
433 2225 538 2252 voce
559 2211 795 2268 denegare,
819 2209 1022 2268 lacrymis
1038 2209 1265 2270 fatebatur.

410 2279 525 2323 XVI.
552 2297 568 2318 α
593 2272 868 2330 Conturbatae
900 2288 999 2322 sunt
1023 2267 1191 2338 gentes,
1223 2277 1424 2322 inclinata
1447 2285 1546 2320 sunt
1560 2275 1697 2370 5regna
1720 2291 1735 2328 ε,

354 2369 370 2391 »
385 2349 502 2393 dedit
521 2365 672 2393 vocem
696 2366 816 2393 suam
838 2349 1105 2400 Altissimus,
1131 2358 1173 2392 et
1194 2358 1309 2392 mota
1333 2357 1397 2401 est
1429 2348 1572 2391 terra⁵
1583 2379 1592 2389 .
1615 2367 1631 2388 ι)
1645 2342 1737 2392 Ad-'

356 2429 488 2464 ventu
506 2421 678 2465 Domini
710 2421 938 2465 Salvatoris
979 2421 1227 2464 adversariae
1259 2421 1494 2464 Potestates
1514 2435 1625 2472 cum
1662 2434 1737 2462 sua

355 2492 522 2552 legione
544 2480 722 2535 turbatae
739 2502 863 2543 sunt,
885 2492 1017 2560 jussae
1031 2494 1082 2536 ab
1105 2492 1300 2536 humanis
1318 2491 1433 2534 exire
1457 2490 1737 2571 corporibus,

359 2571 403 2605 et
424 2571 604 2621 precatae
625 2572 673 2607 ut
691 2563 963 2607 mitterentur
982 2564 1026 2606 in
1046 2579 1210 2623 porcos.
1239 2562 1441 2606 Turbatis
1468 2560 1739 2620 nequissimis

410 2655 731 2704 ι11ὀιιι.)ιιιι,ια.-
748 2667 822 2700 ’sP
825 2667 866 2700 al
885 2678 999 2709 mxxix,
1014 2668 1048 2708 4.
1057 2686 1093 2694 -
1110 2670 1124 2693 ³
1141 2668 1226 2701 Gen.
1243 2679 1288 2706 tv,
1297 2667 1336 2710 4,
1354 2669 1386 2700 5.
1391 2685 1433 2692 -
1450 2665 1561 2700 ⁴Psal.
1578 2642 1691 2719 xxxix,
1710 2676 1741 2714 ι.

367 2720 505 2753 --.⁵1d
527 2731 600 2760 ην,
