1794 3256
343 308 428 353 356
686 325 706 349 .·
731 297 734 300 ’
903 324 932 352 s.
950 338 955 344 κ
973 323 1163 353 ammosa

340 402 549 463 plantavit
566 404 666 452 eos‘g
697 402 776 454 secl
798 401 913 444 Deus
944 403 1016 460 qui
1044 403 1355 454 incrementum
1385 403 1543 462 populo
1563 403 1707 455 dedit,

343 474 474 519 habet
495 474 638 533 gloriae
656 474 956 532 principatum.
986 521 994 531 ι
1631 478 1633 480 ’

402 546 523 591 XIII.
560 545 647 589 Nec
671 553 712 588 te
735 553 904 587 moveat
935 544 1033 602 quia
1058 546 1250 604 superius
1280 545 1383 589 dixit
1401 561 1411 589 :
1429 562 1447 586 α
1464 545 1613 589 Manus
1638 550 1708 590 tua

342 601 518 676 »gentes
542 616 766 675 disperdit,
789 624 832 658 et
861 616 1057 674 plantasti
1078 631 1151 659 cos
1170 616 1201 659 ¹.
1232 636 1248 656 »
1278 616 1386 660 Hinc
1411 617 1526 660 enim
1547 617 1709 676 colligis

341 689 440 748 quia
466 703 553 731 non
576 687 712 730 omnis
735 687 806 744 qui
837 688 1022 746 plantat,
1047 695 1117 730 aut
1142 687 1213 746 qui
1235 688 1366 747 rigat,
1398 688 1710 735 incrementum

343 761 443 803 dat:
470 760 543 802 sed
572 758 644 816 qui
670 758 983 801 incrementum
1012 766 1151 817 potest
1173 760 1294 808 dare,
1317 767 1457 817 potest
1479 759 1711 819 ipseplan—

341 839 459 879 tare3
488 829 600 872 sicut
628 837 774 886 gentes
797 830 1011 887 plantasse
1036 828 1193 871 dicitur
1214 829 1434 882 Dominus.
1473 830 1567 888 Ipse
1593 829 1708 873 enim

337 901 566 961 plantavit,
591 901 660 958 qui
691 900 942 958 plantationi
971 900 1142 943 donavit
1166 900 1400 951 effectum3
1423 901 1467 944 in
1497 901 1708 949 iistamen

336 972 410 1031 qui
429 987 506 1031 per
520 970 651 1014 fidem
672 971 827 1014 Christi
847 971 1032 1014 Domino
1058 973 1228 1030 placere
1252 980 1522 1022 meruerunt,
1539 971 1707 1016 cni=soli
1747 1017 1749 1022 χ

337 1043 494 1088 aPatre
507 1043 661 1085 dicitur
675 1043 765 1084 Deo
782 1057 792 1084 z
809 1060 824 1081 «
836 1042 968 1085 Filius
986 1058 1107 1086 meus
1126 1051 1174 1085 tu
1185 1058 1254 1086 es:
1275 1043 1318 1085 in
1333 1050 1377 1086 te
1387 1041 1666 1101 complacui².
1679 1060 1697 1083 ι

337 1115 423 1168 Qui
443 1122 544 1173 ergo
569 1113 795 1173 participes
827 1113 982 1156 Christi
1005 1123 1104 1157 sunt
1123 1147 1134 1164 ,
1165 1115 1216 1157 ab
1238 1129 1290 1157 eo
1315 1114 1511 1173 placendi
1533 1113 1708 1173 gratiam

339 1195 672 1245 consequuntur.
699 1185 752 1227 Et
773 1186 953 1244 pulchre
969 1185 1027 1246 ait
1045 1202 1054 1228 x
1083 1204 1098 1225 α
1117 1186 1386 1244 Complacuit
1401 1185 1542 1230 tibi-in
1562 1185 1698 1236 illim

336 1268 384 1302 ut
402 1258 597 1302 distantia
612 1258 808 1301 videatur
821 1257 917 1315 jure
935 1266 1111 1301 servata.
1132 1258 1264 1302 Recte
1280 1258 1395 1302 enim
1413 1258 1524 1301 Deus
1540 1258 1587 1301 in·
1598 1258 1707 1311 Filio

336 1332 600 1390 complacet;
627 1329 725 1387 quia
745 1328 916 1386 aeqnalis
937 1337 1000 1371 est
1018 1329 1148 1379 Patri,
1171 1326 1251 1373 nec
1273 1330 1316 1372 in
1340 1330 1427 1373 ullo
1444 1330 1620 1375 decolor
1639 1329 1707 1373 ἰιι-ν

333 1401 525 1451 venitur,
555 1400 652 1458 quia
681 1400 920 1457 complacet
950 1399 1100 1442 divinae
1130 1400 1226 1457 jure
1258 1409 1421 1443 naturae
1442 1433 1453 1451 ‚
1479 1409 1523 1444 et
1542 1401 1706 1444 unitate

334 1473 591 1516 substantiae.
614 1472 669 1514 Et
694 1478 812 1513 recte
837 1471 1073 1529 complacet
1095 1471 1137 1513 in
1161 1471 1268 1514 Filio
1290 1472 1438 1522 Paterg
1460 1472 1560 1529 quia
1580 1472 1707 1516 Pater

333 1541 641 1586 honorificatur
659 1542 700 1583 in
715 1540 824 1584 Filio
837 1573 848 1590 ,
874 1540 982 1583 sicut
995 1541 1037 1582 in
1049 1541 1172 1584 Patre
1188 1541 1335 1584 Filius.
1357 1542 1407 1585 In
1426 1542 1550 1585 nobis
1563 1547 1705 1601 autem

274 1611 276 1613 ’
331 1615 422 1658 Deo
439 1612 716 1672 complacuit,
731 1613 829 1670 quia
843 1612 964 1655 nohis
976 1612 1064 1670 ipse
1081 1613 1326 1663 donavit,ut
1336 1614 1375 1656 ei
1387 1616 1554 1673 placere
1569 1615 1704 1672 possi-

330 1701 440 1729 mus.
456 1685 529 1728 Pie
548 1692 690 1726 autem
710 1690 754 1725 et
769 1683 852 1725 hoc
863 1682 1025 1726 homini
1039 1683 1278 1741 specialiter
1291 1685 1512 1734 donatum,
1531 1700 1618 1730 non
1629 1699 1704 1728 ar—

329 1756 547 1816 rogantius
557 1763 810 1813 usurpatum
822 1754 1040 1812 Scriptura
1052 1770 1128 1797 nos
1147 1755 1306 1798 docuit.
1325 1755 1460 1800 Decet
1474 1756 1590 1800 enim
1600 1757 1705 1811 utin

330 1828 378 1870 iis
400 1827 665 1885 complaceat
686 1826 799 1875 Deo,
831 1825 936 1883 quo's
959 1826 1013 1867 ad
1031 1825 1353 1869 similitudinem
1378 1841 1499 1869 suam
1520 1826 1642 1880 fecit,
1658 1835 1704 1870 et

328 1914 434 1958 quos
445 1914 520 1957 per
535 1897 761 1955 imaginem
775 1911 895 1938 suam
907 1896 1035 1939 voluit
1052 1897 1372 1955 praerogativam
1385 1897 1528 1955 gratiae
1542 1897 1702 1941 hahere

331 1968 525 2012 coelestis.
543 1968 591 2010 In
603 1966 786 2025 imagine
803 1981 903 2024 ergo
915 1982 987 2008 sua
1000 1967 1114 2009 Deus
1128 1969 1391 2026 complacet:
1412 1968 1455 2011 in
1473 1968 1522 2012 iis
1539 1977 1702 2019 autom,

325 2041 398 2099 qni
422 2039 658 2083 secundum
678 2037 905 2096 imaginem
924 2037 1054 2096 ipsius
1071 2047 1184 2089 sunt,
1203 2040 1440 2097 complacet
1456 2039 1560 2083 Deo.
1582 2039 1632 2084 In
1648 2040 1699 2084 iis

329 2120 471 2155 autem
493 2124 618 2153 suum
642 2116 873 2158 munus,·et
892 2124 1016 2151 suum
1038 2108 1220 2160 donum;
1239 2112 1355 2168 quod
1370 2119 1474 2155 tunc
1495 2112 1703 2157 revelabiz‘

328 2194 397 2227 tur
423 2216 434 2233 ,
469 2194 568 2226 cum
598 2181 838 2240 perfectum
862 2180 968 2222 illud
992 2181 1234 2232 advenerit;
1268 2182 1366 2240 quia
1395 2200 1412 2221 κ
1433 2182 1543 2226 Cum
1565 2199 1696 2242 appa·

325 2255 460 2299 ruerit
487 2254 591 2312 quid
612 2253 767 2302 simus,
800 2251 957 2294 similes
981 2251 1020 2295 ei
1040 2252 1198 2296 erimus
1217 2252 1229 2274 ³
1245 2286 1256 2303 ‚
1280 2273 1297 2293 »
1319 2262 1368 2297 ut
1387 2254 1593 2312 scriptum
1613 2263 1689 2304 est,

382 2324 496 2369 XIV.
534 2324 646 2381 Ergo
663 2322 837 2380 quinon
860 2322 903 2365 in
919 2322 1096 2365 brachio
1119 2339 1194 2366 suo
1209 2356 1219 2373 ,
1238 2324 1322 2367 hoc
1342 2332 1422 2375 est,
1446 2325 1490 2368 in
1508 2340 1586 2368 sua
1599 2340 1705 2385 oper,

321 2396 485 2440 ratione
508 2394 751 2453 praesumit,
783 2395 857 2436 sed
885 2394 929 2436 in
957 2394 1034 2437 Dei
1063 2395 1194 2453 gratia
1217 2428 1228 2445 ,
1262 2397 1440 2440 credens
1471 2396 1588 2455 quod
1607 2411 1695 2445 non

321 2467 432 2510 saeta
462 2481 536 2508 sua
565 2479 917 2522 unumquemque
944 2464 1203 2522 justificant,
1230 2467 1305 2509 sed
1333 2465 1439 2510 fides
1464 2475 1691 2526 prompta,

321 2537 426 2580 dicit
444 2535 629 2579 Domino
648 2551 658 2578 :
691 2551 708 2574 α
729 2535 795 2578 Tu
817 2550 862 2577 es
878 2535 967 2593 ipse
987 2536 1077 2579 Rex
1095 2551 1238 2587 meus,
1260 2545 1304 2580 et
1323 2536 1438 2581 Deus
1459 2553 1597 2589 meus,
1620 2538 1700 2595 qui¹

319 2607 527 2652 »mandas
548 2607 704 2649 salutes
724 2604 860 2652 Jacob
883 2604 912 2648 ¹⁸.
947 2622 962 2645 »
985 2605 1079 2649 Non
1100 2606 1413 2665 perfunctorius
1439 2623 1578 2655 sermo
1604 2616 1690 2658 est,

363 2709 371 2724 ¹
394 2699 479 2733 Psal.
496 2709 591 2735 mn.
608 2698 641 2731 ὃ.
656 2705 718 2723 ··-—²
738 2698 838 2732 Marc.
862 2707 895 2736 ι,
923 2708 969 2731 ιι.
989 2717 1030 2723 -
1050 2699 1277 2739 ³1Joan.11l‚
1296 2710 1326 2733 2.
1355 2718 1395 2726 -
1409 2702 1427 2728 -4
1444 2699 1531 2737 Psal.
1554 2706 1635 2740 xiii,
1651 2700 1682 2732 5.
1705 2730 1708 2734 ,
