1794 3256
348 297 436 358 276
901 311 932 339 s.
972 310 1167 341 munosn

349 391 480 451 aliqui
500 389 579 435 tibi
592 389 760 434 molesti
781 397 877 452 sunt
895 390 1051 433 volenti
1072 405 1239 435 servare
1254 390 1476 449 justitiam,
1497 391 1717 438 ministros

347 477 438 506 esse
459 462 570 506 illius
586 460 844 519 ‘nequissimi
874 460 1109 518 peccatoris
1126 494 1138 513 ,
1160 462 1232 519 qui
1263 461 1455 505 omnium
1478 469 1629 506 auctor
1649 470 1717 506 est·

344 532 616 592 flagitiorum.
644 529 826 577 Videbat
845 530 981 574 David
1000 531 1261 592 propheticis
1282 532 1434 583 oculis,
1458 533 1717 591 agnoscebat

345 604 440 662 ejus
460 603 640 662 figuram
662 620 673 653 3
697 603 793 646 ideo
815 602 1000 652 tacebat,
1023 617 1078 646 ne
1104 603 1215 646 illius
1237 602 1397 647 faceret
1417 602 1683 647 voluntatem
1699 637 1713 656 ,

345 675 419 733 qui
438 675 722 718 interturbare
748 674 873 733 gestit
902 672 1115 718 affectum.
1141 674 1366 719 Premebat
1385 688 1536 718 vocem
1555 707 1567 725 ‚
1591 676 1719 718 clau-

344 745 474 790 debat
494 753 636 804 portas
656 758 754 788 suas
775 744 941 788 silentio
959 777 970 795 ,
992 746 1282 804 praetendebat
1298 745 1342 789 in
1359 760 1410 789 eo
1426 745 1646 805 patientia,
1670 753 1719 790 et

343 815 644 860 taciturnitatis
669 814 869 873 vigiiabat
899 815 1113 866 custodia-3
1143 831 1197 859 ne
1227 815 1424 860 inimicus
1455 816 1715 875 obreperet,

341 901 399 930 ne
417 887 469 931 de
491 886 683 931 claustris
700 886 783 929 oris
798 876 928 946 *vagus
953 886 1101 944 aliquis
1125 901 1264 931 sermo
1281 895 1323 930 et
1345 887 1540 931 incautus
1561 888 1711 931 exiret.

344 957 448 1001 Ideo
469 957 618 1001 fortior
639 965 703 1000 est
719 956 884 1015 patiens
898 988 910 1006 ,
934 958 1006 1013 qui
1029 972 1073 999 se
1093 957 1234 1015 ipsum
1254 958 1468 1007 continet,
1488 973 1617 1015 quam
1641 957 1719 1016 qui

342 1027 472 1070 urbes
495 1027 622 1085 capit.
651 1026 799 1070 Justus
820 1026 908 1084 ipse
929 1026 1008 1069 sibi
1031 1028 1266 1070 claustrum
1286 1035 1374 1078 est,
1400 1028 1489 1086 ipse
1510 1027 1589 1070 sibi
1615 1036 1718 1086 per-
1772 1050 1777 1053 <

343 1099 445 1159 vigil
466 1106 622 1142 custos.
1283 1157 1286 1160 Α
1675 1135 1677 1138 ,

402 1168 494 1214 VII.
534 1168 643 1212 Cum
667 1168 746 1210 sibi
778 1181 878 1225 ergo
911 1168 1000 1226 ipse
1026 1168 1312 1226 praetenderet
1336 1201 1348 1219 ,
1378 1169 1639 1228 loquebatur
1669 1168 1718 1212 in·

345 1252 422 1284 suo
440 1239 570 1283 corde
590 1253 600 1280 :
627 1254 644 1277 α
658 1237 785 1281 Posui
807 1238 872 1280 ori
887 1253 984 1280 meo
1003 1238 1258 1289 custodiam,
1279 1240 1382 1283 dum
1402 1238 1593 1282 consistit
1614 1253 1719 1296 pec-

341 1327 361 1351 ω
374 1317 493 1353 cator
514 1310 738 1352 adversum
758 1323 829 1351 me
843 1309 873 1352 ².
895 1326 911 1349 n
924 1308 1056 1352 Adest
1077 1313 1249 1368 semper
1267 1309 1479 1358 inimicus,
1497 1308 1592 1366 quia
1611 1324 1719 1351 sem-

342 1395 422 1440 per
442 1379 677 1423 insidiatur.
703 1379 792 1422 Etsi
815 1379 935 1422 illum
958 1393 1045 1423 non
1061 1379 1195 1430 vides,
1221 1379 1340 1423 adest
1364 1395 1374 1422 ε
1399 1379 1478 1423 etsi
1494 1379 1614 1423 illum
1630 1394 1721 1423 non

343 1451 488 1502 sentis,
512 1450 713 1494 incursat.
739 1449 783 1492 Si
805 1465 892 1494 non
917 1450 1034 1493 vides
1051 1482 1063 1500 ,
1088 1451 1250 1494 videnti
1267 1451 1395 1494 crede
1420 1465 1429 1492 :
1455 1467 1471 1490 α
1495 1448 1719 1497 Consistit,

342 1522 511 1580 »inquit
533 1530 774 1582 [peccator
810 1523 1033 1565 adversum
1060 1537 1145 1566 me.
1172 1541 1189 1563 »
1225 1522 1309 1575 Qui
1342 1521 1458 1565 videt
1489 1521 1722 1581 peccatum

344 1608 487 1643 suum,
506 1592 620 1637 videt
638 1593 768 1635 etiam
782 1599 1055 1651 peccatorem
1066 1592 1145 1636 sibi
1166 1593 1210 1635 in
1231 1592 1297 1644 iis,
1313 1607 1406 1651 quae
1415 1592 1606 1652 gesserit,
1620 1592 1722 1635 illu-

349 1664 535 1708 dentem.
563 1657 648 1716 Qui
675 1671 816 1707 autem
838 1670 1110 1722 peccatorem
1131 1663 1400 1721 praeviderit,
1427 1671 1568 1722 potest
1585 1663 1720 1706 vitare

341 1742 583 1794 peecatum.
621 1734 799 1779 Videbat
819 1734 956 1777 David
981 1734 1212 1789 consistere
1236 1735 1463 1778 adversum
1491 1750 1535 1777 se
1562 1748 1719 1792 pecca-

344 1814 519 1857 torem;
557 1806 727 1863 quando
764 1804 906 1848 Semei
937 1805 1220 1848 maledicebat
1255 1814 1305 1866 et*
1327 1805 1547 1865 lapidabat.
1574 1810 1723 1866 regem

345 1891 489 1927 suum,
512 1884 555 1919 et
576 1876 787 1919 clamabat
810 1890 820 1918 ε
848 1875 972 1926 «Exi,
990 1875 1054 1919 vir
1077 1876 1330 1935 sanguinum
1342 1875 1374 1920 ².
1395 1894 1412 1917 »
1435 1874 1582 1933 Neque
1602 1875 1726 1919 eninr

344 1955 435 1990 tam
464 1953 701 2006 praeruptus
725 1945 855 1995 foret,
883 1953 932 1987 ut
951 1961 1031 1989 nec
1059 1946 1164 1988 tanti
1187 1946 1297 2005 regis
1319 1946 1556 1990 reverentia
1577 1959 1722 1988 move«

345 2026 482 2067 retur,
506 2031 588 2060 nec
605 2024 814 2059 armatum
832 2015 923 2073 ejus
944 2015 1114 2059 timeret
1135 2017 1396 2066 exercitum;
1422 2031 1520 2059 cum
1536 2031 1647 2058 unus
1665 2016 1727 2058 de¹

347 2088 539 2132 exercitu
558 2087 650 2146 ejus
667 2086 974 2131 conviciantem
993 2087 1198 2145 potuisset
1218 2085 1415 2130 occidere
1441 2103 1450 2128 :
1472 2088 1546 2130 sed
1568 2101 1724 2128 amen-

346 2167 437 2204 tem
454 2160 646 2203 diabolus
661 2158 834 2209 fecerat,
855 2159 927 2216 qui
947 2173 1045 2202 eum
1062 2158 1308 2216 impellebat
1327 2159 1380 2201 ad
1395 2146 1593 2201 morteui.
1616 2157 1725 2200 Ideo

347 2230 487 2275 David
510 2232 707 2274 adversus
729 2238 946 2273 auctorem
965 2229 1100 2288 magis
1121 2228 1409 2288 praeliabatur,
1431 2243 1558 2286 quam
1574 2226 1725 2270 minis—

346 2308 463 2343 trum
486 2301 831 2359 persequebatur.
863 2301 977 2353 Quid
1002 2300 1115 2343 enim
1137 2314 1338 2358 magnum
1355 2332 1366 2349 ,
1390 2300 1443 2342 de
1460 2297 1633 2341 homine
1650 2296 1720 2339 iu-

347 2371 488 2414 valido
510 2372 730 2422 vindicari,
757 2387 884 2429 quem
910 2374 961 2415 ad
979 2371 1167 2414 furorem
1186 2373 1290 2415 alter
1307 2368 1572 2430 urgebatfaein
1595 2366 1726 2425 cujusss

347 2459 456 2487 nece
477 2452 677 2502 peccator
703 2444 919 2487 habuisset
940 2443 1168 2488 voluntatis
1193 2442 1394 2485 effectum
1416 2441 1434 2484 Ξ)
1463 2439 1557 2485 Non
1577 2438 1723 2498 gladio

349 2514 560 2564 diabolus,
583 2515 655 2557 sed
672 2516 802 2558 verbo
819 2515 895 2576 Dei
913 2515 1122 2565 vincitur3
1146 2515 1240 2557 ideo
1263 2521 1402 2556 taceat
1417 2512 1560 2570 lingua
1581 2509 1721 2553 homi-

347 2584 437 2635 nis,
462 2585 541 2628 Dei
571 2584 760 2628 Verbum
784 2588 993 2643 quuatur.
1032 2584 1226 2644 Denique
1255 2592 1298 2628 ct
1330 2581 1521 2627 Christus
1549 2578 1725 2625 tacebat.

390 2686 404 2709 γ’
424 2676 510 2712 Psal.
537 2689 672 2720 ΧΧγῚιι,
697 2689 727 2712 2.
752 2697 790 2705 --
810 2688 822 2704 ²
845 2691 859 2714 2
880 2680 955 2724 Rog.
978 2689 1090 2726 xv1‚7.
