1774 3268
304 272 341 319 8
852 284 885 314 ι.
924 284 1118 315 mmmm

299 442 982 460 mmmmmmmm'mmm
988 443 1681 465 mmmmm-mmmmm*

861 559 1040 606 CAPUT
1072 560 1145 604 111.

298 716 525 762 Davidem
554 731 601 758 eo
627 715 864 759 tentationi
886 716 1133 773 expositum
1157 715 1318 774 fuisse,
1347 718 1466 771 quod
1486 714 1678 761 athletas

356 802 454 830 suos
469 787 610 830 variis
623 786 943 829 certaminibus
956 786 1170 834 eaeereerz',
1182 795 1222 828 et
1233 785 1362 830 nobis
1377 788 1578 846 exemplo
1589 802 1679 832 esse

353 855 472 901 Deus
497 857 604 899 velit
621 873 635 898 .·
653 867 863 914 proeterea
885 857 1087 913 ejusdcm
1106 857 1384 900 adulterium
1405 858 1457 899 ἱη
1471 854 1689 918 figuram

352 929 525 985 factum
538 961 548 978 ,
567 927 773 970 adductis
793 926 946 991 variis>
959 926 1184 986 allegoriis
1199 960 1210 979 ‚
1233 928 1502 991 declaratam·

357 1067 434 1112 IX.
474 1067 585 1120 Qum
611 1066 739 1109 etiam
765 1066 835 1109 illa
859 1065 1061 1125 adjiciam
1087 1081 1181 1125 quae
1211 1082 1264 1111 ex
1295 1060 1491 1127 ipso'us'u
1521 1061 1686 1114 mund?

303 1138 515 1195 conjicere
538 1153 777 1195 possumus,
797 1137 895 1195 quia
921 1138 1145 1197 plerosque
1168 1153 1269 1181 cum
1288 1139 1611 1197 probaverimus
1630 1138 1679 1184 in

303 1208 443 1266 aliquo
470 1207 634 1257 officio,
661 1208 834 1250 eosdem
858 1208 977 1266 quasi
1002 1208 1231 1252 industrios
1256 1218 1382 1268 atque
1404 1209 1604 1268 impigros
1626 1209 1679 1253 in

302 1279 382 1322 alio
408 1294 584 1322 munere
610 1280 805 1322 volumus
826 1279 1039 1338 experiri?
1061 1280 1202 1332 Quam
1227 1280 1352 1323 multi
1380 1279 1548 1323 athletae
1576 1294 1681 1324 cum
1719 1299 1723 1302 ·

301 1350 382 1394 isto
400 1351 589 1394 certandi
602 1365 756 1409 genere
773 1350 1088 1410 praevaluerint,
1114 1352 1167 1394 ad
1184 1351 1300 1395 aliud
1319 1366 1453 1410 genus
1468 1358 1681 1397 vocantur

303 1422 577 1465 certaminis?
601 1422 715 1474 Quid
733 1422 766 1464 si
784 1430 827 1465 et
843 1431 886 1465 te
906 1422 1115 1466 Dominus
1137 1423 1251 1466 Deus
1268 1430 1367 1466 tuus
1389 1437 1490 1466 cum
1506 1423 1682 1482 aliquod

305 1492 519 1551 specimen
535 1493 700 1536 virtutis
718 1494 886 1537 dederis
904 1502 1001 1544 tuae,
1029 1494 1072 1537 in
1095 1494 1175 1537 alio
1194 1494 1399 1538 virtutum
1418 1509 1575 1553 genere
1589 1494 1684 1538 vult

304 1563 516 1620 probare?
534 1563 617 1605 Job
640 1573 837 1607 sanctum
855 1572 1101 1624 currentem
1119 1563 1344 1612 inoffense,
1365 1563 1519 1608 tentat-1
1535 1570 1682 1609 tamen

305 1632 492 1677 filiorum
520 1634 786 1685 i11te1itu‚et
809 1635 999 1694 eorporis
1023 1635 1151 1678 totius
1176 1635 1393 1679 ulceribus
1420 1650 1568 1694 passus
1589 1642 1680 1685 θεῖς

306 1711 355 1747 ut
372 1704 419 1748 in
440 1705 522 1747 hoe
545 1721 716 1763 quoque
737 1706 831 1763 ejus
852 1705 1050 1749 virtutem
1073 1706 1298 1765 probaret,
1319 1706 1363 1750 si
1385 1720 1465 1749 nee
1488 1703 1681 1764 injuriis,

307 1789 388 1819 nee
413 1775 715 1818 acerbitatibus
733 1783 906 1820 coactus
933 1777 1205 1820 devotionem
1226 1776 1292 1820 sui
1316 1775 1541 1820 minueret·
1551 1775 1688 1820 affec-

308 1850 389 1887 tus.
412 1844 522 1888 Num
546 1846 678 1903 liquet
703 1848 819 1904 quod
835 1847 963 1890 etiam
985 1856 1181 1891 sanctum
1202 1847 1338 1891 David
1357 1846 1443 1890 fide
1463 1845 1679 1897 nobilem,

308 1916 703 1973 praestantissimum
729 1919 1073 1968 mansuetudine,
1092 1933 1224 1961 manu
1239 1917 1392 1962 fortem
1406 1907 1594 1977 probare
1610 1930 1687 1961 vo-

246 2008 249 2011 ,
307 1986 450 2036 luerit,
476 1988 838 2043 quemadmodum
860 1989 1009 2032 vitium
1031 1997 1214 2048 tegeret
1222 1991 1406 2048 lapsum
1403 1988 1681 2038 emendaret.

306 2063 357 2099 ut
372 2072 447 2099 nos
473 2059 646 2101 doceret
667 2062 1030 2116 quemadmodum
1056 2060 1258 2104 amissum
1282 2059 1492 2120 possimus
1513 2058 1683 2119 operire

310 2128 565 2185 peccatum?

368 2197 424 2242 X.
461 2199 547 2242 Nisi
564 2200 672 2243 forte
693 2200 786 2245 vilis
810 2216 938 2246 causa
963 2203 1088 2246 alicui
1109 2203 1294 2254 videtur,
1317 2209 1367 2246 ut
1385 2210 1564 2262 propter
1586 2215 1685 2246 nos-

311 2274 422 2312 tram
441 2270 751 2313 correctionem
773 2279 915 2316 tantus
938 2282 1100 2317 erraret
1117 2274 1330 2333 Propheta
1344 2306 1356 2324 ,
1379 2287 1480 2317 cum
1506 2280 1684 2332 propter

311 2337 503 2380 omnium
526 2341 863 2398 redemptionem
891 2342 1158 2400 infirmitates
1185 2354 1348 2389 nostras
1371 2343 1566 2388 Christus
1587 2358 1685 2387 sus-

312 2408 488 2466 ceperit,
509 2410 580 2466 qui
602 2421 825 2467 peccatum
843 2428 919 2472 pro
942 2415 1063 2458 nobis
1080 2416 1216 2459 sactus
1238 2423 1318 2467 est,
1338 2430 1439 2459 cum
1456 2423 1684 2475 peccatum

309 2490 397 2522 non
421 2481 678 2537 cognoverit.
711 2482 765 2525 Et
800 2484 1021 2543 indignum
1055 2486 1315 2538 aestimatur,
1343 2501 1422 2531 nee
1459 2485 1683 2530 verisimile

306 2548 523 2599 creditur,
557 2553 675 2609 quod
702 2553 836 2596 David
870 2565 1045 2615 propter
1073 2557 1331 2616 posteritatis
1360 2557 1604 2618 profectum
1637 2557 1685 2602 in

305 2616 435 2662 unius
454 2620 596 2679 lapsus
616 2624 895 2682 opprobrium
917 2625 1140 2679 inciderim
1165 2643 1266 2672 cum
1290 2627 1380 2688 ipse
1398 2626 1606 2672 Dominus
1627 2626 1685 2679 sit
1741 2671 1747 2682 ἵ
