1794 3256
299 296 396 358 460
745 333 747 337 Α
856 314 886 340 s.
927 310 1117 340 ιιιιιιιοειι

295 391 498 445 dantem,
536 403 667 448 quem
695 404 753 432 sa·
757 389 829 431 1cti
859 389 949 431 Pau
949 387 1114 429 izwchae
1144 387 1311 444 iequies
1336 387 1457 430 beata
1479 386 1674 430 circum-2·

296 462 440 507 dabat.
463 460 571 513 Vide
585 462 701 513 hunc
718 473 928 508 vacuum,
943 458 1015 516 qui
1032 457 1139 500 sibi
1129 474 1172 500 ιιι
1187 458 1270 501 hoc
1286 459 1442 501 saeeulo
1453 440 1672 513 abundare

293 532 494 577 omuibus
516 531 777 581 videbatur,
801 529 926 587 cujus
945 528 1097 571 anima
1122 529 1166 571 in
1187 528 1272 572 vita
1291 527 1421 587 ipsius
1441 527 1675 571 benedice-

297 603 426 647 batur
442 592 452 644 Ξ
471 602 547 645 sed
563 601 817 652 nunciners
838 608 976 646 morte
993 600 1222 642 cruciatur.
1430 604 1433 606 ’
1610 635 1618 641 .

358 673 499 717 XXV.
523 673 642 716 Unde
657 673 836 730 pulchre
853 672 1046 730 sequitur
1066 687 1075 714 :
1093 689 1109 711 α
1131 671 1352 724 Quoniam
1368 670 1508 714 anima
1526 669 1676 727 ejusin

295 743 410 786 »vita
427 742 556 801 ipsius
575 743 876 786 benedicetur:
901 741 1180 805 confitebitur
1202 740 1300 798 tibi,
1326 756 1426 786 cum
1445 740 1673 800 benesoepa

298 834 316 857 »
329 815 386 858 ris
409 813 526 872 ipsi².
549 832 565 854 »
577 813 844 857 Benedicent
856 846 867 863 ,
881 813 1022 871 inquit
1033 845 1044 864 ‚
1059 828 1158 856 eum
1174 811 1474 857 benedictione
1489 820 1672 856 terrena.

300 883 429 930 Stulti
450 883 672 933 homines,
707 883 782 941 quiv
815 882 1070 942 praesentia,
1106 898 1193 927 non
1223 883 1365 927 sutura
1391 883 1674 941 considerant.

301 953 691 998 Benedicent-eum
714 955 883 997 asseclae
904 953 999 1011 ejus
1023 962 1151 1011 atque
1171 953 1355 1012 parasiti.
1386 954 1481 1012 Ipse
1505 967 1682 1011 quoque

303 1016 478 1067 beatum
499 1039 544 1066 se
560 1031 705 1081 putat,
727 1023 760 1066 si
785 1039 933 1083 agrum
954 1024 1139 1082 aliquem
1161 1038 1290 1081 quem
1314 1022 1603 1072 desiderabat,
1622 1021 1683 1065 in-

304 1095 473 1137 vaserit.
497 1093 738 1138 Confitetur
756 1104 860 1138 tune
875 1096 965 1139 Deo
981 1129 992 1146 ,
1008 1110 1108 1139 cum
1122 1095 1160 1138 ei
1173 1095 1216 1137 in
1228 1095 1312 1138 hoc
1326 1095 1484 1149 saecu19
1492 1094 1683 1138 secunda

304 1167 572 1221 succedunt:
598 1168 770 1225 quando
793 1176 936 1210 autem
965 1169 1138 1211 adversa
1162 1166 1433 1225 contingunt,
1457 1165 1588 1225 impio
1610 1181 1685 1209 ore

306 1236 538 1285 maledicit.
570 1237 662 1280 Hoc
684 1253 784 1296 ergo
801 1238 923 1289 dicit,
950 1238 1049 1296 quia
1076 1237 1288 1281 saecularis
1312 1252 1400 1279 non
1421 1237 1507 1296 agit
1531 1236 1686 1296 gratias
1748 1233 1755 1236 ⁸

306 1307 351 1350 in
368 1314 616 1365 paupertate
637 1307 799 1366 positus
822 1316 865 1351 et
881 1308 1065 1352 adversis
1078 1325 1090 1357 3
1115 1308 1253 1365 justus
1285 1315 1431 1351 autem
1462 1307 1506 1350 in
1528 1320 1685 1366 angus-

304 1378 374 1435 tiis
396 1377 528 1437 magis
551 1379 784 1422 Dominum
806 1387 928 1438 grato
951 1379 1173 1422 benedicit
1190 1378 1360 1421 affectu.
1386 1377 1685 1436 Deniquedia-

311 1450 435 1493 bolus
456 1451 509 1493 ad
529 1449 668 1493 Deum
694 1450 824 1493 dicit:
852 1450 968 1503 Quid
998 1451 1179 1503 mirum,
1201 1450 1234 1493 si
1261 1459 1301 1493 te
1323 1450 1540 1512 heffiedieit
1563 1449 1686 1493 Joh?

311 1520 547 1566 Abundant
567 1521 606 1564 ei
627 1522 783 1564 omnia.
803 1539 820 1561 α
840 1521 1082 1571 Sedmitte,
1103 1521 1261 1580 inquit,
1292 1536 1469 1564 manum
1484 1529 1626 1570 tuam,
1643 1528 1688 1564 et

311 1599 468 1650 »tange
489 1606 538 1634 ea
560 1607 654 1649 quae
676 1592 888 1651 possidet,
928 1592 1148 1641 videamus
1171 1593 1205 1635 si
1235 1592 1278 1634 in
1303 1591 1456 1635 faciem
1480 1600 1522 1636 te
1551 1591 1690 1635 bene-

313 1680 330 1704 »
345 1661 497 1705 dicet2.
525 1680 542 1704 »
574 1662 628 1705 Et
661 1663 778 1705 dedit
814 1663 893 1722 ipsi
930 1663 1139 1706 Dominus
1180 1669 1432 1721 potestatem
1450 1694 1462 1711 ,
1506 1670 1554 1705 ut
1595 1676 1690 1720 quae

310 1731 453 1776 soeculi
473 1740 612 1789 essent
631 1732 782 1790 hujus,
812 1733 998 1775 auferret
1026 1748 1036 1775 t
1057 1747 1231 1775 carnem
1252 1731 1381 1790 ipsius
1399 1731 1555 1775 ulceris
1582 1739 1691 1775 atro-

315 1802 443 1846 citate
472 1802 760 1862 perfunderet.
787 1802 871 1847 Job
893 1812 1037 1857 tamen
1057 1803 1346 1846 benedicebat
1378 1802 1548 1847 diceus:
1575 1820 1591 1843 α
1610 1803 1692 1846 Βο-

314 1874 486 1916 »minus
523 1874 668 1924 dedit,
699 1874 908 1918 Dominus
947 1875 1121 1919 abstulit
1124 1906 1232 1918 ......
1255 1874 1308 1917 sit
1329 1888 1486 1917 nomen
1521 1874 1692 1918 Domini

318 1962 336 1986 ι)
349 1927 670 1988 benedictum&
698 1963 715 1986 n
730 1984 739 1989 ..

381 2015 543 2060 XXVI.
561 2034 577 2056 α
600 2016 797 2060 Introibit
821 2032 955 2074 usque
982 2017 1025 2060 in
1046 2016 1293 2075 progeniem
1309 2028 1479 2078 patrum
1494 2019 1612 2078 ejus:
1632 2033 1698 2062 us-

324 2102 438 2146 »que
459 2087 502 2129 in
524 2089 729 2133 saeculum
759 2103 848 2130 non
875 2087 1036 2130 videbit
1070 2089 1232 2131 lumen.
1259 2089 1398 2139 Homo
1427 2099 1527 2134 cu'm
1551 2091 1594 2132 in
1616 2089 1697 2132 ho·-

325 2174 459 2207 »nore
479 2166 610 2209 esset,
631 2175 716 2201 non
732 2159 939 2201 intellexit
952 2175 963 2207 3
989 2167 1260 2217 comparatus
1274 2168 1338 2203 est
1353 2160 1578 2219 jumentis,
1603 2173 1698 2221 quae
1757 2205 1759 2208 ,

328 2246 345 2269 »
359 2244 530 2272 sensum
548 2244 634 2271 non
655 2229 838 2278 habent,
858 2237 900 2271 et
918 2228 1063 2271 similis
1082 2229 1217 2283 sactus
1243 2238 1306 2272 est
1322 2230 1439 2274 illis⁴.
1462 2248 1478 2271 υ
1491 2231 1593 2274 Ideo
1609 2263 1620 2280 ,
1640 2230 1700 2275 in-

330 2299 445 2357 quit,
474 2299 553 2341 iste
575 2299 618 2341 in
644 2299 892 2357 progeniem
913 2308 1082 2357 patrum
1100 2315 1274 2343 suorum
1297 2301 1501 2347 introibit.
1531 2300 1616 2353 Qui
1631 2309 1702 2344 est

332 2377 453 2427 pater
488 2369 716 2427 impiorum
737 2402 748 2418 ,
789 2369 997 2411 Dominus
1033 2370 1264 2413 declaravit
1293 2371 1466 2413 dicens:
1489 2388 1506 2410 α
1533 2369 1621 2420 Vos
1648 2385 1702 2414 ex

335 2458 352 2481 ι
367 2448 486 2499 patre
508 2440 679 2483 diabolo
702 2440 844 2483 estis⁵.
861 2459 882 2481 ι»
907 2441 1016 2485 Sunt
1041 2449 1084 2484 et
1107 2441 1166 2484 illi
1187 2449 1326 2499 patres
1349 2443 1402 2496 de
1422 2442 1576 2500 quihus
1596 2441 1700 2485 dici-

336 2520 432 2556 tur·
450 2530 467 2550 ‹<
486 2512 693 2570 Relinque
714 2521 905 2556 mortuos
928 2513 1106 2571 sepelire
1131 2522 1323 2557 mortuos
1346 2513 1482 2558 suos⁶.
1504 2533 1520 2556 n
1541 2515 1643 2558 Ideo
1658 2521 1702 2557 et

389 2615 504 2649 ¹.Psal
530 2626 645 2652 xnvm,
665 2627 716 2666 19
738 2634 779 2640 —
803 2615 915 2649 ⁸».th
938 2627 961 2651 1
986 2615 1703 2657 11.—³1bid.21.-⁴Psal.xx.vn=,2o‚

333 2666 593 2716 p1.——'⁵Joan.
608 2680 680 2709 vni,
694 2670 757 2711 44
766 2672 834 2696 —0
854 2671 972 2707 Matth.
992 2681 1064 2711 vni,
1085 2683 1135 2708 ἠ
