1794 3256
338 285 426 346 452
890 300 923 331 s.
961 299 1151 331 Aunnosn

340 399 468 429 nemo
484 388 623 442 potest
643 393 741 424 eum
767 388 934 438 eequare
955 380 1111 438 pietate
1127 412 1139 430 ‚
1163 387 1210 423 ut
1226 394 1303 439 pro
1325 378 1500 426 servulis
1520 377 1604 428 suis
1622 376 1707 428 ani·
1767 437 1769 441 f

342 469 459 502 mam
486 468 605 497 suam
628 461 759 511 ponat
790 467 799 494 :
837 465 964 498 nemo
999 450 1281 507 integritates
1307 466 1454 496 omnes
1484 450 1600 498 enim
1628 454 1705 498 suh

342 534 546 586 peecato,
577 540 723 567 omnes
759 524 861 566 Adae
885 522 997 565 illius
1029 522 1251 580 subjacent
1281 525 1550 584 prolapsioni.
1585 526 1708 570 Solus

336 599 597 655 Redemptor
626 595 811 653 eligitur,
839 593 912 651 qui
934 602 1111 652 peccato
1135 594 1267 637 veteri
1289 594 1496 639 obnoxius
1517 609 1607 640 esse
1622 612 1709 641 non

339 668 483 727 possit.
506 667 618 725 Ergo
642 681 717 724 per
737 665 971 715 hominem,
983 665 1225 708 Dominum
1240 665 1389 708 Jesum
1408 667 1707 726 intelligamus,

340 739 413 798 qui
430 737 615 796 suscepit
635 737 819 782 hominis
840 736 1155 786 conditionem3
1178 745 1226 780 ut
1247 737 1290 779 in
1312 752 1438 781 earne
1461 748 1535 782 su'a
1557 753 1712 798 pecea-

340 820 434 854 tum
456 809 648 853 omnium
677 807 962 866 crucifigeret,
989 815 1032 850 et
1054 807 1385 867 chirographum
1417 806 1713 854 universorum

341 898 423 926 suo
444 897 596 924 cruore
620 882 793 923 deleret.

404 951 518 996 XIV.
556 951 641 994 Sed
670 951 779 994 forte
809 950 922 993 dicas
951 965 961 993 t
997 952 1227 1006 Quomodo
1257 952 1556 1011 redempturus
1583 952 1717 996 'frater

345 1030 548 1081 negatur,
569 1035 667 1064 cum
690 1021 779 1079 ipse
803 1020 954 1063 dixerit
974 1036 984 1063 ε
1002 1038 1018 1060 α
1038 1021 1229 1066 Narrabo
1251 1037 1408 1065 nomen
1429 1031 1552 1066 tuum
1573 1022 1716 1066 sintri-

345 1113 362 1134 ι»
375 1094 454 1136 hus
473 1092 580 1134 meis
595 1091 607 1114 ¹
627 1091 646 1133 i)
666 1110 683 1132 »
697 1091 782 1135 Sed
802 1107 890 1134 non
907 1091 1026 1149 quasi
1043 1091 1176 1135 frater
1196 1091 1336 1142 nobis,
1359 1086 1717 1151 sed'qtlasi²homo

347 1162 541 1205 Christus
560 1161 711 1211 Jesus,
734 1161 777 1204 in
799 1177 884 1219 quo
907 1162 1022 1219 Deus
1054 1171 1145 1205 erat
1165 1179 1177 1212 ς
1199 1163 1324 1206 nobis
1347 1172 1521 1222 peccata
1543 1162 1714 1206 dimisit.

349 1232 419 1275 Sic
448 1232 562 1274 enim
587 1231 794 1290 scriptum
822 1240 915 1274 est:
943 1250 959 1271 (ι
981 1232 1096 1275 Deus
1123 1241 1215 1275 erat
1238 1233 1281 1275 in
1311 1232 1480 1276 Christo
1508 1230 1720 1277 mundum

348 1301 655 1345 »reconcilians
671 1301 751 1344 sihi
767 1302 797 1344 ².
825 1320 841 1341 »
855 1302 903 1344 In
924 1302 995 1344 illo
1019 1302 1190 1346 Christo
1211 1302 1236 1345 J
1240 1318 1332 1354 esu,
1352 1304 1406 1346 de
1421 1318 1507 1361 quo
1523 1304 1612 1346 solo
1634 1301 1721 1346 ‹lic-

350 1382 443 1416 tum
474 1381 537 1416 est
566 1388 609 1416 :a
631 1373 742 1426 Quia
765 1372 956 1417 Verbum
994 1388 1093 1416 caro
1123 1374 1284 1417 sactum
1312 1383 1377 1418 est
1396 1382 1486 1424 ,⁴et
1519 1370 1727 1417 habitavit

351 1445 424 1488 »in
448 1444 570 1487 nobis
586 1443 617 1487 ⁸.
645 1463 662 1485 »
683 1444 778 1488 Non
802 1459 903 1502 ergo
930 1444 1048 1502 quasi
1080 1445 1234 1495 frater,
1263 1446 1340 1488 sed
1369 1445 1488 1502 quasi
1512 1445 1727 1495 ,Dominus

354 1516 561 1561 habitavit
580 1516 622 1558 in
645 1516 782 1567 nobis,
804 1531 903 1559 cum
927 1515 1138 1559 habitaret
1153 1516 1197 1558 in
1215 1530 1356 1560 carne.
1384 1516 1494 1559 Cum
1515 1515 1646 1575 igit-ur
1664 1531 1728 1560 re-

354 1586 643 1631 conciliaverit
673 1587 764 1629 Deo
801 1587 1011 1629 mundum
1025 1620 1037 1636 ,
1071 1587 1221 1644 utique
1259 1586 1729 1645 ipse..reconciliatione

357 1669 444 1700 non
470 1657 598 1715 eguit.
626 1657 708 1701 Pro
729 1672 813 1715 quo
840 1657 954 1700 enim
977 1666 1154 1717 peccato
1183 1673 1273 1702 suo.
1289 1657 1539 1716 propitiaret
1557 1657 1696 1700 Deum
1713 1689 1726 1708 ‚
1746 1695 1750 1697 .

358 1727 431 1784 qui
460 1727 577 1770 nulla
598 1736 772 1785 peccata
802 1727 1031 1786 cognovit?
1055 1728 1249 1786 Denique
1273 1727 1522 1771 didrachma
1551 1741 1730 1786 poscen'·

355 1798 469 1840 tibus
493 1796 669 1847 Judaeis‚
693 1799 810 1855 quod
825 1814 903 1857 pro
929 1805 1107 1857 peccato
1130 1799 1312 1842 dabatur
1334 1798 1536 1857 exLege,
1559 1798 1733 1843 dixitad

355 1867 557 1911 Petrum:
587 1885 605 1907 «ι
627 1866 798 1918 Simon,
824 1884 945 1927 reges
969 1878 1093 1912 terrae
1115 1884 1139 1912 a
1164 1869 1321 1927 quibus
1347 1870 1568 1928 accipiunt
1591 1869 1733 1912 trihu-

361 1948 484 1983 »tum
505 1940 574 1984 vel
597 1954 773 1983 censum
790 1972 802 1990 ‚
832 1955 854 1982 a
878 1939 974 1982 filiis
999 1940 1108 1990 suis,
1133 1948 1205 1983 aut
1227 1942 1279 1983 ab
1301 1940 1478 1984 alienis?
1499 1939 1734 2000 Respondit

365 2011 571 2055 »Petrus2
601 2010 667 2055 Ab
693 2010 851 2054 alienis.
882 2010 961 2054 Cui
984 2011 1087 2055 dixit
1106 2011 1329 2056 Dominus.
1358 2012 1471 2071 Ergo
1491 2012 1615 2056 liberi
1636 2018 1735 2055 sunt

367 2099 386 2122 n
400 2079 490 2123 filii.
521 2081 576 2123 Ut
597 2088 739 2124 autem
761 2096 848 2125 non
873 2081 1078 2125 faciamus
1099 2082 1180 2125 illis
1206 2082 1585 2127 offendiculum...
1610 2083 1735 2126 mitte

361 2152 586 2202 »,hamum,
605 2160 648 2196 et
667 2167 766 2195 eum
787 2152 947 2212 piscem
967 2152 1040 2211 qui
1061 2152 1224 2211 primus
1247 2153 1513 2204 ascenderit,
1540 2153 1667 2203 tolle;
1691 2160 1735 2196 et

360 2242 379 2265 ι
397 2231 542 2281 aperto
570 2238 645 2266 ore
665 2223 784 2282 ejus,
812 2223 998 2267 invenies
1019 2231 1249 2267 staterem:
1285 2225 1406 2268 illum
1433 2224 1586 2268 tollens
1614 2222 1735 2267 dabis

361 2312 381 2335 »
397 2309 476 2353 pro
501 2309 572 2338 me
592 2303 636 2338 et
654 2311 733 2354 pro
756 2303 799 2339 te
813 2294 844 2339 ¹³.
869 2313 887 2337 ι
901 2295 1096 2339 Ostendit
1111 2297 1227 2354 quod
1249 2311 1336 2338 non
1360 2310 1439 2354 pro
1465 2310 1510 2338 se
1529 2293 1736 2353 propitia-

368 2364 534 2409 tionem
558 2366 710 2410 debeat
729 2374 1029 2425 peccatorum3
1053 2366 1151 2424 quia
1166 2382 1310 2410 servus
1331 2366 1498 2425 peccati
1515 2380 1602 2410 non
1617 2372 1733 2417 erat,

363 2436 447 2479 sed
463 2436 514 2480 ab
537 2437 654 2480 omni
672 2446 763 2481 erat
778 2438 885 2481 liber
901 2453 1044 2481 errore
1059 2437 1195 2481 Filius
1210 2438 1300 2482 Dei.
1322 2438 1454 2482 Filius
1476 2436 1591 2481 enim
1604 2436 1734 2486 liber,

364 2521 512 2550 servus
533 2516 598 2552 est
623 2507 668 2551 in
687 2516 820 2552 reatu.
847 2509 958 2566 Ergo
983 2509 1091 2552 liber
1111 2509 1192 2553 iste
1213 2509 1265 2552 ab
1288 2509 1517 2560 omnibus.
1539 2523 1620 2552 nec
1633 2522 1737 2567 pre-

383 2615 418 2704 4¹
440 2607 524 2695 Zsal.
540 2620 609 2652 xxx,
628 2611 681 2645 25.
697 2629 736 2636 -
758 2621 770 2635 ²
803 2623 820 2645 2
848 2612 927 2645 Cor.
953 2622 987 2653 v,
1011 2622 1061 2657 ¹9·
1086 2630 1126 2640 --
1143 2614 1156 2636 ³
1173 2612 1271 2648 Joan.
1296 2623 1307 2645 ι
1322 2636 1332 2653 ,
1351 2612 1403 2654 ¹4·
1421 2630 1463 2640 -·-
1479 2613 1494 2641 ⁴
1512 2610 1632 2648 uauh.
1649 2620 1735 2661 xm,

353 2673 380 2704 9
409 2672 440 2693 *²
466 2686 477 2697 ·
