1794 3256
367 284 469 337 ‘416
931 297 961 325 s.
1002 296 1196 326 Amnnosn

389 388 407 419 ¹‹
422 378 518 422 Jam
541 390 613 421 vos
634 376 784 421 mundi
814 375 913 418 estis
941 384 1114 433 propter
1139 390 1402 427 sermonem,
1424 392 1551 435 quem
1571 379 1749 426 locutus

381 465 505 494 »sum
538 447 699 492 vobis¹.
729 466 745 488 n
772 447 993 505 Loquere,
1027 447 1208 491 Domine
1235 447 1339 491 Jesu
1365 465 1376 491 ε
1406 449 1585 494 verbum
1619 459 1742 497 tuum

376 522 587 568 medicina
610 528 687 570 est,
706 520 884 563 verbum
902 527 1021 561 tuum
1043 521 1188 562 lumen
1204 527 1286 569 est,
1312 521 1487 564 verbum
1504 530 1626 567 tuum
1648 540 1744 568 nos-

378 603 453 638 trae
476 590 723 635 colluvionis
747 589 904 632 ablutio
926 598 1014 639 est,
1039 590 1216 633 verbum
1238 599 1359 635 tuum
1376 592 1468 636 sons
1490 602 1565 637 est.
1591 594 1657 638 Tu
1671 596 1739 638 lo-

381 663 520 723 queris
534 695 544 712 ‚
568 669 611 704 et
627 662 750 719 culpa
771 661 948 702 lavatur.

438 733 509 777 IV.
547 732 601 774 Et
621 731 719 789 quia
740 733 792 773 de
815 730 1065 773 abscondito
1080 732 1343 790 tempestatis
1357 765 1366 781 ‚
1386 741 1437 782 et,
1449 734 1502 776 de
1520 749 1626 792 aqua
1644 749 1744 779 con-

377 802 641 850 tradictionis
664 803 816 844 ductus
838 809 903 844 est
924 816 1084 850 sermo,
1104 802 1245 844 omnia
1267 802 1389 845 nobis
1404 803 1565 847 sactum
1587 813 1652 848 est
1665 805 1743 849 Dei

378 875 581 920 Verbum.
610 872 718 915 Caro
739 871 900 915 factum
922 880 1008 922 est,
1027 880 1076 914 ut
1097 887 1268 915 carnem
1287 881 1498 916 servaret:
1525 889 1631 932 aqua
1654 875 1743 918 fac-

376 956 469 990 tum
494 953 577 995 est,
602 953 650 987 ut
667 958 819 1001 aquam
849 944 1196 986 contradictionis
1214 959 1287 986 sua
1304 945 1436 1003 gratia
1457 943 1715 1006 temperaret
1729 979 1741 997 ,

376 1026 418 1060 et
455 1015 779 1059 amaritudinem
816 1014 1044 1072 impietatis
1081 1014 1277 1057 auferret.
1321 1015 1506 1073 Ideoque
1536 1014 1744 1076 scriptum

378 1097 443 1132 est
461 1104 471 1132 τ
487 1106 503 1128 «
520 1086 640 1145 Aqua
658 1087 739 1129 alta
755 1086 934 1129 verbum
952 1086 994 1128 in
1012 1087 1142 1128 corde
1157 1085 1279 1130 viri².
1303 1105 1319 1126 ι)
1332 1086 1474 1130 Alibi«
1490 1087 1678 1132 Verbum
1690 1122 1702 1140 ‚
1715 1108 1733 1130 n

382 1159 481 1203 alibi
515 1158 671 1201 iterum
695 1175 710 1197 «
729 1156 990 1206 Consilium,·
1011 1176 1027 1197 »
1058 1157 1117 1200 ibi
1148 1157 1262 1200 enim
1292 1158 1454 1201 bonum
1489 1159 1738 1211 consilium,

376 1230 449 1272 ubi
473 1230 635 1272 honum
657 1236 720 1270 est
742 1227 819 1270 Dei
845 1227 1049 1271 Verbum.
1079 1227 1133 1270 Et
1151 1228 1246 1271 ideo
1269 1228 1347 1271 tibi
1367 1229 1454 1272 Lex
1479 1229 1582 1272 dicit
1601 1245 1611 1273 :
1639 1247 1655 1270 α
1671 1232 1742 1274 At-

367 1301 524 1343 »tende
545 1298 642 1348 tibi,
673 1313 728 1340 ne
751 1296 825 1341 fiat
846 1297 922 1340 tibi
945 1298 1123 1341 verbum
1146 1300 1308 1342 malum
1332 1299 1376 1341 in
1397 1301 1528 1342 corde
1550 1307 1627 1343 tuo
1646 1299 1688 1350 ⁸;
1711 1320 1728 1342 ι

375 1379 417 1414 et
453 1371 567 1413 dicat
596 1368 720 1412 Jesus
748 1384 758 1411 ε
792 1387 808 1408 «
836 1369 950 1421 Quid
981 1369 1173 1428 cogitatis
1197 1371 1307 1413 mala
1340 1371 1382 1413 in
1412 1371 1612 1414 cordibus
1646 1387 1740 1414 ves-

374 1441 504 1486 »tris¹⁸
521 1442 540 1484 'a’
556 1460 572 1482 »
605 1441 716 1484 Misit
742 1440 856 1483 enim
879 1430 991 1483 Deus
1014 1440 1205 1484 Verbum
1231 1433 1353 1484 suum
1369 1475 1379 1491 ,
1404 1451 1453 1485 ut
1473 1451 1638 1486 sanaret
1659 1442 1741 1486 ho-

370 1515 554 1564 minem,
579 1527 664 1555 non
685 1520 732 1555 ut
752 1513 962 1570 perderet.
984 1512 1076 1555 Hoc
1097 1512 1287 1557 Verbum
1304 1514 1517 1556 medicina
1541 1523 1629 1565 est,
1652 1530 1739 1559 non

372 1601 509 1646 poena.
537 1585 628 1629 Hoc
650 1584 841 1628 Verbum
862 1585 905 1627 in
927 1585 1056 1627 corde
1078 1593 1152 1627 tuo
1169 1617 1180 1634 ,
1204 1593 1247 1627 et
1271 1585 1313 1627 in
1343 1601 1417 1628 ore
1443 1585 1496 1629 sit
1522 1594 1595 1629 tuo
1616 1601 1626 1630 :
1651 1587 1737 1631 hoc

367 1657 556 1702 Verbum
594 1655 646 1698 sit
676 1654 719 1697 in
750 1655 953 1705 occultis,
988 1655 1061 1697 ubi
1092 1655 1284 1698 diabolus
1315 1656 1568 1700 insidiatur:
1602 1657 1734 1702 intret

363 1728 569 1777 Verbum,
589 1734 707 1770 exeat
725 1726 930 1770 diabolus.
953 1726 1059 1770 Nam
1078 1727 1111 1770 si
1129 1727 1344 1786 irrepserit
1361 1728 1568 1779 diabolus,
1588 1728 1731 1773 Chris-

366 1810 435 1845 tus
455 1800 639 1849 recedit3
664 1799 878 1856 quomodo
900 1799 1072 1842 recessit
1098 1814 1118 1841 a
1141 1798 1252 1842 Juda
1275 1808 1498 1858 postquam
1518 1816 1562 1844 se
1584 1801 1735 1845 diabo—

368 1875 434 1918 lus
450 1873 492 1916 in
509 1887 584 1914 cor
599 1871 691 1928 ejus
709 1870 929 1913 immersit.
951 1871 1004 1913 Et
1021 1879 1065 1913 tu
1084 1886 1183 1928 ergo
1202 1871 1296 1914 dic:
1322 1890 1338 1911 «
1353 1872 1419 1916 Ab
1435 1871 1733 1917 occultis-meis

366 1944 554 1987 »munda
571 1957 662 1990 me,
679 1940 886 1987 Domine:
907 1958 923 1979 »
944 1955 999 1982 ne
1016 1939 1208 1982 diabolus
1222 1941 1446 1985 insidietur
1459 1942 1510 1985 ‘in
1533 1942 1730 1994 occultis,

366 2015 475 2058 sicut
490 2015 556 2056 leo
580 2012 622 2054 in
643 2011 773 2054 cubili
796 2025 883 2053 suo.
914 2010 1043 2062 Quod
1065 2010 1097 2052 si
1119 2009 1276 2052 Christi
1303 2012 1472 2054 occulta
1501 2012 1569 2070 pie
1595 2011 1732 2056 fideli-

363 2094 512 2142 terque
535 2082 762 2126 servaveris
777 2114 787 2130 ,
810 2081 1034 2123 insidiandi
1057 2069 1224 2123 diabolo
1246 2082 1366 2124 locus
1387 2097 1478 2125 esse
1499 2098 1586 2126 non
1615 2091 1733 2142 pote-

364 2156 432 2199 rit.
466 2155 652 2210 Ideoque
680 2152 723 2194 in
753 2152 920 2194 Psalmo
943 2166 1056 2194 nono
1083 2151 1218 2194 David
1249 2153 1303 2194 de
1333 2153 1513 2196 occultis
1537 2154 1730 2197 scribens

361 2225 532 2270 Domini
549 2222 822 2277 sacramentis
832 2240 843 2272 3
871 2224 987 2279 quod
1008 2231 1072 2265 est
1098 2223 1317 2266 conversio
1340 2232 1637 2282 peccatorum,
1662 2240 1731 2267 vo-

362 2296 471 2340 catio
492 2294 681 2353 gentium
698 2326 710 2342 ,
733 2292 810 2335 Dei
831 2307 1035 2351 regnum,
1060 2293 1309 2352 praeparatio
1330 2293 1493 2344 cordis,
1515 2294 1723 2353 judicium

326 2371 328 2373 ’
362 2380 619 2427 pauperum,
639 2363 814 2406 resectio
841 2363 1042 2421 inopum;
1067 2372 1163 2406 ante
1191 2365 1243 2406 de
1265 2363 1443 2408 occultis
1466 2366 1649 2424 pectoris
1662 2353 1726 2409 hii

362 2447 488 2496 atque
510 2434 682 2479 secretis
708 2434 1075 2477 exterminandum
1109 2436 1395 2479 adversarium
1420 2436 1552 2479 dicit:
1575 2451 1726 2480 nese·
1792 2463 1794 2468 ν

357 2513 454 2554 dent
474 2510 517 2551 in
539 2507 716 2550 occultis
741 2515 789 2549 ut
814 2505 1053 2548 interficere
1078 2506 1251 2564 cupiens
1279 2507 1724 2563 innocentem.·ldeo-

357 2596 440 2640 que
469 2578 547 2622 tibi
579 2577 735 2620 dicitur
763 2593 772 2617 :
804 2595 820 2616 «
845 2577 960 2619 Intra
995 2577 1038 2619 in
1065 2577 1312 2620 cubiculum
1343 2585 1491 2628 tuum,
1513 2586 1556 2621 et
1577 2579 1722 2622 clauso

398 2684 407 2699 ¹
429 2674 525 2706 Joan.
542 2682 595 2707 xv.
613 2671 645 2704 3.
666 2688 707 2696 ——
725 2680 737 2695 ²
762 2670 856 2704 Prov.
883 2680 935 2710 xx,
952 2669 983 2702 5.
1003 2688 1044 2695 —
1057 2671 1072 2695 ³
1088 2670 1186 2705 Deut.
1211 2681 1266 2711 xv,
1283 2681 1315 2712 9.
1333 2689 1372 2697 --
1391 2674 1406 2700 4
1424 2671 1544 2706 Matth.
1563 2683 1611 2710 ix.
1625 2673 1658 2712 4,
