1794 3256
359 333 452 391 '2554
911 351 944 379 s.
982 348 1178 379 mamm

360 438 478 474 veret
497 430 542 475 in
557 444 632 481 eos
650 437 700 472 ut
717 428 829 475 vivat
843 428 887 470 in
907 427 1038 471 finem
1055 426 1091 478 ¹,
1114 442 1169 470 ne
1186 434 1230 470 et
1243 425 1487 486 ipsemet-te
1497 421 1725 479 moriam&

363 514 462 544 cum
478 499 533 544 sit
551 500 639 558 jam
655 500 902 557 redemptus
922 513 944 541 a
970 506 1121 542 morte.
1144 495 1147 502 ’
1704 526 1705 529 ,

421 570 536 624 XVI.
574 570 660 623 Qui
683 578 825 613 autem
846 569 1077 612 servaverit
1104 569 1304 613 mandata
1323 567 1419 612 vitae
1433 600 1445 619 ‚
1464 578 1553 612 non
1566 566 1728 612 videbit

362 640 600 690 interitum.
622 655 721 684 cum
741 639 895 683 viderit
914 638 1024 682 mori
1046 655 1144 689 eos,
1166 638 1240 697 qui
1260 638 1344 682 sibi
1367 629 1664 697 “pientissimi
1685 645 1730 682 et

363 710 681 768 prudentissimi
698 709 743 752 in
755 709 838 753 hoc
850 710 1004 753 saeculo
1016 709 1272 752 videbantur
1285 706 1317 752 ³.
1344 708 1473 761 Quod
1493 698 1730 767 efficialiter

361 782 419 835 ,ad
433 780 605 825 Scribas
622 789 666 824 et
683 780 915 824 Pharisaeos
932 788 1110 839 spectat,
1123 779 1201 838 qui,
1213 779 1293 822 sibi
1307 770 1528 823 &thedrat
1546 777 1590 821 in
1608 790 1731 836 syna·

297 861 299 863 ’
362 851 479 911 gogis
509 851 758 901 vindicant,
785 851 905 909 quasi
937 851 1153 910 sapientiae
1182 849 1486 910 principatum.·
1518 848 1606 903 Qui
1634 863 1732 902 vem

359 922 516 967 frustra
538 923 757 974 laborant,
780 938 882 966 cum
905 930 1058 981 putant
1082 923 1181 981 quia
1200 936 1280 982 per
1304 921 1604 970 didrachmum
1623 921 1732 965 libe-

365 1001 544 1042 rentur,
573 1008 673 1037 cum
703 993 922 1052 spirituale
948 994 1134 1053 pretium
1162 992 1313 1036 animae
1340 999 1452 1042 tuan
1479 999 1606 1051 atque
1626 991 1734 1036 illud

363 1063 577 1122 singulare
611 1063 816 1107 dominici
854 1063 1044 1122 corporis
1083 1061 1371 1113 sacrificium,
1400 1061 1518 1105 inani
1549 1062 1733 1120 quadam

368 1132 492 1193 Legis
513 1134 865 1192 interpretatione
895 1134 1252 1195 contempserint,
1284 1133 1543 1214 refugientes
1572 1132 1734 1192 baptis·—

366 1204 491 1248 matis
514 1213 841 1248 sacramentum.
869 1205 1092 1249 Neminem
1112 1205 1228 1248 enim
1247 1191 1417 1263 sanguis
1437 1203 1620 1248 redemit
1642 1203 1735 1247 hir-

369 1290 520 1329 corum
541 1281 670 1333 atque
697 1284 948 1319 taurorum:
974 1277 1050 1319 sed
1080 1291 1228 1319 omnes
1253 1291 1364 1318 unus
1391 1274 1572 1333 sanguis
1582 1275 1737 1319 liberat

312 1374 314 1379 x
372 1343 546 1395 Ghristi,
565 1345 687 1403 cujus
708 1345 751 1388 in
768 1345 955 1391 Levitico
976 1345 1128 1404 figura,
1142 1362 1229 1390 non
1239 1346 1396 1390 veritas
1406 1354 1484 1389 est.
1513 1345 1606 1389 Non
1621 1343 1736 1388 enim

368 1430 447 1475 per
462 1415 728 1466 didrachma,
744 1417 820 1459 sed
834 1415 946 1459 illius
962 1416 1091 1460 solius
1107 1416 1321 1475 sanguinis
1332 1416 1470 1474 pretio
1485 1414 1732 1459 liberamum

427 1487 560 1531 XVII.
598 1486 739 1530 Simus
761 1502 861 1546 ergo
882 1488 1087 1531 docibiles
1106 1487 1212 1536 Dei;
1240 1495 1290 1531 ut
1311 1497 1437 1531 nemo
1458 1489 1654 1530 nostrum
1673 1486 1737 1530 vi·

369 1558 469 1600 deat
497 1556 719 1600 interitum
748 1557 792 1600 in
817 1558 890 1600 illo
922 1558 1013 1607 die,
1048 1558 1220 1616 quando
1249 1557 1568 1601 damnabuntur
1598 1559 1738 1600 morte

368 1637 574 1688 perpetua
596 1629 805 1688 sapientes
821 1629 942 1672 istius
962 1630 1135 1679 mundi,
1158 1629 1225 1672 vel
1236 1628 1454 1688 *principes
1469 1628 1737 1679 «ludaeorum,

368 1701 540 1757 quando
569 1718 585 1740 «
606 1699 743 1744 Simul
761 1701 961 1759 insipiens
975 1710 1019 1744 et
1039 1702 1193 1744 stultus
1209 1700 1411 1759 peribunt
1429 1696 1462 1744 ⁸.
1478 1699 1605 1759 pNon
1622 1699 1739 1743 idem

295 1799 307 1811 .
368 1777 434 1812 est
451 1778 693 1828 utrumque.
720 1771 885 1815 Stultus
905 1780 969 1816 est
989 1771 1062 1830 qui
1083 1771 1190 1814 nihil
1211 1770 1342 1830 sapit,
1363 1778 1408 1814 et
1430 1771 1559 1814 studta
1575 1768 1740 1813 intelli-

369 1840 458 1898 git:
483 1840 702 1899 insipienS,
724 1842 797 1899 qui
811 1843 920 1886 male
941 1843 1063 1901 sapit.
1085 1841 1200 1886 Dixit
1221 1841 1441 1900 insipiens,
1455 1839 1554 1898 qnia
1572 1854 1659 1883 non
1677 1847 1742 1882 est

369 1911 497 1956 Deus.
517 1913 744 1965 Quomodo
765 1913 957 1970 iniquus,
982 1929 1069 1956 non
1084 1913 1182 1970 quia
1203 1911 1447 1970 aequitatem
1465 1909 1644 1959 nesciat,
1665 1910 1742 1952 sed

370 1982 470 2040 quia
487 1983 758 2042 improbitate
788 1984 927 2027 cordis
957 1984 1022 2027 sui
1053 1984 1196 2042 iniqua
1223 1982 1494 2033 committat:
1521 1981 1740 2040 improbus

371 2067 543 2110 quoque
561 2054 718 2098 dicitur
730 2071 742 2103 ;
765 2069 816 2096 eo
833 2055 949 2111 quod
965 2054 1221 2113 probitatem
1243 2052 1402 2096 malitia
1423 2067 1498 2095 sua
1521 2053 1741 2096 destmffl

370 2123 493 2174 velit,
519 2139 603 2166 non
627 2125 724 2182 quia
751 2125 1006 2183 probitatem
1031 2125 1211 2183 ignore-t.
1233 2124 1328 2183 Ipse
1351 2136 1455 2183 ergo
1474 2122 1679 2183 incipiens
1695 2130 1742 2165 et

371 2195 525 2237 stultus
545 2195 717 2252 quando
746 2203 949 2253 pereunt,
978 2195 1123 2238 alienis
1151 2193 1399 2252 relinquunt
1431 2191 1595 2237 divitias
1619 2207 1737 2242 sunu

373 2279 499 2308 suum
520 2266 635 2313 enim
648 2274 691 2309 et
705 2266 942 2324 legitimum
960 2266 1148 2309 stultitiae
1164 2274 1206 2308 et
1224 2263 1506 2324 improbitatis
1527 2263 1740 2306 haeredem

371 2335 559 2394 reperire
585 2352 672 2379 non
697 2345 886 2395 possunt.
924 2336 1118 2395 Legitimi
1140 2335 1255 2380 enim
1285 2335 1458 2379 dicunt:
1483 2349 1500 2373 ι
1523 2333 1636 2386 Quia
1665 2331 1741 2376 filii

371 2406 479 2449 »Dei
500 2422 660 2450 sumus.
689 2407 733 2450 Si
755 2417 896 2450 autem
920 2406 1020 2457 filii,
1044 2415 1089 2450 et
1108 2407 1324 2450 haeredes:
1349 2404 1539 2448 haeredes
1567 2403 1741 2461 quidem

372 2476 507 2527 mei,
541 2477 785 2522 cohaeredes
813 2486 955 2521 autem
979 2477 1137 2521 Christi
1160 2493 1170 2519 t
1197 2477 1230 2519 si
1261 2485 1404 2519 tamen
1434 2470 1736 2534 compatimur,

368 2565 385 2588 »
401 2555 446 2590 ut
470 2556 512 2590 et
533 2548 658 2591 simul
685 2548 972 2608 glorificemur
988 2548 1020 2592 ⁴.
1042 2567 1058 2589 »
1071 2548 1320 2607 Insipientes
1343 2559 1444 2603 ergo
1464 2545 1632 2589 divitias
1651 2554 1740 2588 non

366 2617 543 2668 hahent,
559 2619 658 2677 quia
674 2635 752 2663 nec
769 2619 1063 2683 haereditatem
1078 2619 1251 2662 habent.
1272 2616 1367 2662 Non
1384 2615 1552 2659 hubent
1571 2613 1739 2661 divitias

413 2719 422 2735 ¹
444 2710 525 2744 Psal.
542 2722 656 2748 xum.
676 2724 726 2746 ιο.
745 2730 785 2738 --
799 2721 813 2737 ·
834 2713 922 2746 ibid.
940 2724 989 2745 ιι.
1011 2730 1051 2741 «-
1070 2715 1085 2737 ³
1102 2712 1193 2746 Ibid.
1211 2729 1253 2737 -
1269 2713 1284 2742 4
1301 2711 1396 2744 Rom·
1409 2719 1487 2747 viu,
1510 2708 1562 2749 16,
1584 2716 1636 2750 ι7·
