<?xml version="1.0" encoding="UTF-8"?>
<!DOCTYPE html PUBLIC "-//W3C//DTD XHTML 1.0 Transitional//EN"
    "http://www.w3.org/TR/xhtml1/DTD/xhtml1-transitional.dtd">
<html xmlns="http://www.w3.org/1999/xhtml" xml:lang="en" lang="en">
 <head>
  <title>
</title>
<meta http-equiv="Content-Type" content="text/html;charset=utf-8" />
  <meta name='ocr-system' content='tesseract 3.04.00' />
  <meta name='ocr-capabilities' content='ocr_page ocr_carea ocr_par ocr_line ocrx_word'/>
</head>
<body>
  <div class='ocr_page' id='page_1' title='image "./omniaequaeextant03ambruoft_0202.png"; bbox 0 0 1794 3256; ppageno 0'>
   <div class='ocr_carea' id='block_1_1' title="bbox 342 302 1149 349">
    <p class='ocr_par' dir='ltr' id='par_1_1' title="bbox 342 302 1149 349">
     <span class='ocr_line' id='line_1_1' title="bbox 342 302 1149 349; baseline -0.002 -15"><span class='ocrx_word' id='word_1_1' title='bbox 342 302 426 349; x_wconf 75' lang='lat'><strong>192</strong></span> <span class='ocrx_word' id='word_1_2' title='bbox 767 333 770 335; x_wconf 67' lang='grc'><strong>,</strong></span> <span class='ocrx_word' id='word_1_3' title='bbox 889 303 919 332; x_wconf 81' lang='lat' dir='ltr'><strong>s.</strong></span> <span class='ocrx_word' id='word_1_4' title='bbox 960 303 1149 332; x_wconf 66' lang='lat' dir='ltr'><strong>Amnum-‚11</strong></span> 
     </span>
    </p>
   </div>
   <div class='ocr_carea' id='block_1_2' title="bbox 303 378 1755 2633">
    <p class='ocr_par' dir='ltr' id='par_1_2' title="bbox 322 378 1755 1782">
     <span class='ocr_line' id='line_1_2' title="bbox 334 378 1709 445; baseline 0.005 -19"><span class='ocrx_word' id='word_1_5' title='bbox 334 388 516 441; x_wconf 68' lang='lat' dir='ltr'><strong>oportet.</strong></span> <span class='ocrx_word' id='word_1_6' title='bbox 535 378 562 424; x_wconf 86' lang='lat' dir='ltr'>J</span> <span class='ocrx_word' id='word_1_7' title='bbox 566 381 711 424; x_wconf 78' lang='lat' dir='ltr'><strong>uvenis</strong></span> <span class='ocrx_word' id='word_1_8' title='bbox 733 382 821 440; x_wconf 87' lang='lat' dir='ltr'><strong>ipse</strong></span> <span class='ocrx_word' id='word_1_9' title='bbox 839 397 925 424; x_wconf 86' lang='lat' dir='ltr'><strong>non</strong></span> <span class='ocrx_word' id='word_1_10' title='bbox 946 380 1148 440; x_wconf 79' lang='lat' dir='ltr'><strong>gloriatus</strong></span> <span class='ocrx_word' id='word_1_11' title='bbox 1160 392 1228 427; x_wconf 81' lang='lat' dir='ltr'><strong>est</strong></span> <span class='ocrx_word' id='word_1_12' title='bbox 1242 417 1253 433; x_wconf 92' lang='lat'><em>‚</em></span> <span class='ocrx_word' id='word_1_13' title='bbox 1272 399 1401 429; x_wconf 81' lang='lat' dir='ltr'><strong>senex</strong></span> <span class='ocrx_word' id='word_1_14' title='bbox 1420 387 1709 445; x_wconf 63' lang='lat' dir='ltr'><strong>gloriaretur?</strong></span> 
     </span>
     <span class='ocr_line' id='line_1_3' title="bbox 332 451 1701 517; baseline 0.007 -21"><span class='ocrx_word' id='word_1_15' title='bbox 332 451 499 497; x_wconf 82' lang='lat' dir='ltr'><strong>Deinde</strong></span> <span class='ocrx_word' id='word_1_16' title='bbox 530 459 700 511; x_wconf 85' lang='lat' dir='ltr'><strong>raptum</strong></span> <span class='ocrx_word' id='word_1_17' title='bbox 734 467 779 494; x_wconf 86' lang='lat' dir='ltr'><strong>se</strong></span> <span class='ocrx_word' id='word_1_18' title='bbox 807 467 941 509; x_wconf 83' lang='lat' dir='ltr'><strong>usque</strong></span> <span class='ocrx_word' id='word_1_19' title='bbox 972 452 1027 495; x_wconf 84' lang='lat' dir='ltr'><strong>ad</strong></span> <span class='ocrx_word' id='word_1_20' title='bbox 1056 453 1229 497; x_wconf 85' lang='lat' dir='ltr'><strong>tertium</strong></span> <span class='ocrx_word' id='word_1_21' title='bbox 1256 458 1411 500; x_wconf 84' lang='lat' dir='ltr'><strong>coelnm</strong></span> <span class='ocrx_word' id='word_1_22' title='bbox 1438 473 1594 517; x_wconf 81' lang='lat' dir='ltr'><strong>negare</strong></span> <span class='ocrx_word' id='word_1_23' title='bbox 1614 475 1701 504; x_wconf 86' lang='lat' dir='ltr'><strong>non</strong></span> 
     </span>
     <span class='ocr_line' id='line_1_4' title="bbox 334 521 1703 588; baseline 0.007 -24"><span class='ocrx_word' id='word_1_24' title='bbox 334 521 475 581; x_wconf 81' lang='lat' dir='ltr'><strong>potuit</strong></span> <span class='ocrx_word' id='word_1_25' title='bbox 488 538 500 572; x_wconf 79' lang='lat'>3</span> <span class='ocrx_word' id='word_1_26' title='bbox 526 530 569 565; x_wconf 83' lang='lat' dir='ltr'><strong>et</strong></span> <span class='ocrx_word' id='word_1_27' title='bbox 593 529 732 565; x_wconf 81' lang='lat' dir='ltr'><strong>tamen</strong></span> <span class='ocrx_word' id='word_1_28' title='bbox 755 530 899 564; x_wconf 83' lang='lat' dir='ltr'><strong>utrum</strong></span> <span class='ocrx_word' id='word_1_29' title='bbox 927 521 971 564; x_wconf 87' lang='lat' dir='ltr'><strong>in</strong></span> <span class='ocrx_word' id='word_1_30' title='bbox 992 537 1195 581; x_wconf 86' lang='lat' dir='ltr'><strong>corpore,</strong></span> <span class='ocrx_word' id='word_1_31' title='bbox 1216 539 1269 568; x_wconf 86' lang='lat' dir='ltr'><strong>an</strong></span> <span class='ocrx_word' id='word_1_32' title='bbox 1288 534 1405 570; x_wconf 85' lang='lat' dir='ltr'><strong>extra</strong></span> <span class='ocrx_word' id='word_1_33' title='bbox 1429 542 1591 586; x_wconf 69' lang='lat' dir='ltr'><strong>corpus</strong></span> <span class='ocrx_word' id='word_1_34' title='bbox 1602 528 1703 588; x_wconf 64' lang='lat' dir='ltr'><strong>rap‘·</strong></span> 
     </span>
     <span class='ocr_line' id='line_1_5' title="bbox 334 594 1717 656; baseline 0.005 -19"><span class='ocrx_word' id='word_1_35' title='bbox 334 601 403 637; x_wconf 83' lang='lat' dir='ltr'><strong>tus</strong></span> <span class='ocrx_word' id='word_1_36' title='bbox 423 601 559 643; x_wconf 79' lang='lat' dir='ltr'><strong>esset,</strong></span> <span class='ocrx_word' id='word_1_37' title='bbox 583 608 627 636; x_wconf 80' lang='lat' dir='ltr'><strong>se</strong></span> <span class='ocrx_word' id='word_1_38' title='bbox 649 594 842 651; x_wconf 81' lang='lat' dir='ltr'><strong>ignorare</strong></span> <span class='ocrx_word' id='word_1_39' title='bbox 858 601 1034 637; x_wconf 78' lang='lat' dir='ltr'><strong>testatus</strong></span> <span class='ocrx_word' id='word_1_40' title='bbox 1056 603 1132 639; x_wconf 89' lang='lat' dir='ltr'><strong>est.</strong></span> <span class='ocrx_word' id='word_1_41' title='bbox 1164 595 1259 640; x_wconf 92' lang='lat' dir='ltr'><strong>Non</strong></span> <span class='ocrx_word' id='word_1_42' title='bbox 1284 613 1385 656; x_wconf 84' lang='lat' dir='ltr'><strong>ergo</strong></span> <span class='ocrx_word' id='word_1_43' title='bbox 1409 600 1464 642; x_wconf 88' lang='lat' dir='ltr'><strong>de</strong></span> <span class='ocrx_word' id='word_1_44' title='bbox 1490 599 1717 651; x_wconf 57' lang='lat' dir='ltr'><strong>scientia,-</strong></span> 
     </span>
     <span class='ocr_line' id='line_1_6' title="bbox 336 663 1700 730; baseline 0.006 -22"><span class='ocrx_word' id='word_1_45' title='bbox 336 665 415 709; x_wconf 47' lang='lat' dir='ltr'><strong>sed*</strong></span> <span class='ocrx_word' id='word_1_46' title='bbox 432 664 486 707; x_wconf 90' lang='lat' dir='ltr'><strong>de</strong></span> <span class='ocrx_word' id='word_1_47' title='bbox 502 663 734 722; x_wconf 73' lang='lat' dir='ltr'>ignorantia</span> <span class='ocrx_word' id='word_1_48' title='bbox 747 664 967 722; x_wconf 86' lang='lat' dir='ltr'><strong>gloriatur,</strong></span> <span class='ocrx_word' id='word_1_49' title='bbox 990 673 1033 708; x_wconf 84' lang='lat' dir='ltr'><strong>et</strong></span> <span class='ocrx_word' id='word_1_50' title='bbox 1054 664 1132 710; x_wconf 86' lang='lat' dir='ltr'><strong>Dei</strong></span> <span class='ocrx_word' id='word_1_51' title='bbox 1154 667 1268 711; x_wconf 86' lang='lat' dir='ltr'><strong>circa</strong></span> <span class='ocrx_word' id='word_1_52' title='bbox 1289 685 1334 712; x_wconf 83' lang='lat' dir='ltr'><strong>se</strong></span> <span class='ocrx_word' id='word_1_53' title='bbox 1348 670 1529 728; x_wconf 77' lang='lat' dir='ltr'>gratiam</span> <span class='ocrx_word' id='word_1_54' title='bbox 1544 672 1700 730; x_wconf 73' lang='lat' dir='ltr'><strong>prandi-</strong></span> 
     </span>
     <span class='ocr_line' id='line_1_7' title="bbox 335 735 1703 794; baseline 0.006 -17"><span class='ocrx_word' id='word_1_55' title='bbox 335 743 416 780; x_wconf 82' lang='lat' dir='ltr'><strong>cat.</strong></span> <span class='ocrx_word' id='word_1_56' title='bbox 442 735 572 787; x_wconf 87' lang='lat' dir='ltr'><strong>Quod</strong></span> <span class='ocrx_word' id='word_1_57' title='bbox 588 735 774 777; x_wconf 57' lang='lat' dir='ltr'><strong>scientia}</strong></span> <span class='ocrx_word' id='word_1_58' title='bbox 797 743 878 785; x_wconf 79' lang='lat' dir='ltr'><strong>est,</strong></span> <span class='ocrx_word' id='word_1_59' title='bbox 901 744 1027 794; x_wconf 81' lang='lat' dir='ltr'><strong>negat</strong></span> <span class='ocrx_word' id='word_1_60' title='bbox 1050 752 1060 779; x_wconf 75' lang='grc' dir='ltr'><strong>ε</strong></span> <span class='ocrx_word' id='word_1_61' title='bbox 1080 739 1197 794; x_wconf 89' lang='lat' dir='ltr'><strong>quod</strong></span> <span class='ocrx_word' id='word_1_62' title='bbox 1220 738 1439 783; x_wconf 78' lang='lat' dir='ltr'><strong>charitatis</strong></span> <span class='ocrx_word' id='word_1_63' title='bbox 1456 746 1540 790; x_wconf 78' lang='lat' dir='ltr'><strong>est,</strong></span> <span class='ocrx_word' id='word_1_64' title='bbox 1562 740 1703 785; x_wconf 82' lang='lat' dir='ltr'><strong>confi-</strong></span> 
     </span>
     <span class='ocr_line' id='line_1_8' title="bbox 337 800 1755 857; baseline 0.006 -8"><span class='ocrx_word' id='word_1_65' title='bbox 337 814 474 855; x_wconf 65' lang='lat' dir='ltr'><strong>tetur:</strong></span> <span class='ocrx_word' id='word_1_66' title='bbox 498 805 672 850; x_wconf 78' lang='lat' dir='ltr'><strong>scientia</strong></span> <span class='ocrx_word' id='word_1_67' title='bbox 694 804 809 849; x_wconf 87' lang='lat' dir='ltr'><strong>enim</strong></span> <span class='ocrx_word' id='word_1_68' title='bbox 837 806 982 857; x_wconf 80' lang='lat' dir='ltr'><strong>inflat,</strong></span> <span class='ocrx_word' id='word_1_69' title='bbox 1008 807 1193 852; x_wconf 82' lang='lat' dir='ltr'><strong>charitas</strong></span> <span class='ocrx_word' id='word_1_70' title='bbox 1214 824 1314 853; x_wconf 87' lang='lat' dir='ltr'><strong>vero</strong></span> <span class='ocrx_word' id='word_1_71' title='bbox 1332 809 1532 856; x_wconf 57' lang='lat' dir='ltr'><strong>adilian.</strong></span> <span class='ocrx_word' id='word_1_72' title='bbox 1553 812 1608 856; x_wconf 77' lang='lat' dir='ltr'><strong>Et</strong></span> <span class='ocrx_word' id='word_1_73' title='bbox 1625 812 1684 857; x_wconf 85' lang='lat' dir='ltr'><strong>ite</strong></span> <span class='ocrx_word' id='word_1_74' title='bbox 1749 800 1755 804; x_wconf 34' lang='lat'>¹</span> 
     </span>
     <span class='ocr_line' id='line_1_9' title="bbox 329 876 1697 939; baseline 0.004 -18"><span class='ocrx_word' id='word_1_75' title='bbox 329 891 454 927; x_wconf 81' lang='lat' dir='ltr'><strong>rum,</strong></span> <span class='ocrx_word' id='word_1_76' title='bbox 482 884 652 934; x_wconf 70' lang='lat' dir='ltr'><strong>raptum</strong></span> <span class='ocrx_word' id='word_1_77' title='bbox 680 876 892 934; x_wconf 80' lang='lat' dir='ltr'><strong>ejusmodi</strong></span> <span class='ocrx_word' id='word_1_78' title='bbox 918 877 1135 922; x_wconf 88' lang='lat' dir='ltr'><strong>hominem</strong></span> <span class='ocrx_word' id='word_1_79' title='bbox 1167 879 1308 923; x_wconf 81' lang='lat' dir='ltr'><strong>dixit&#39;:</strong></span> <span class='ocrx_word' id='word_1_80' title='bbox 1335 883 1697 939; x_wconf 80' lang='lat' dir='ltr'><strong>quemadmodum</strong></span> 
     </span>
     <span class='ocr_line' id='line_1_10' title="bbox 330 948 1696 1011; baseline 0.005 -20"><span class='ocrx_word' id='word_1_81' title='bbox 330 956 477 1007; x_wconf 82' lang='lat' dir='ltr'><strong>raptus</strong></span> <span class='ocrx_word' id='word_1_82' title='bbox 494 955 618 998; x_wconf 83' lang='lat' dir='ltr'><strong>esset,</strong></span> <span class='ocrx_word' id='word_1_83' title='bbox 634 956 778 998; x_wconf 84' lang='lat' dir='ltr'><strong>utrum</strong></span> <span class='ocrx_word' id='word_1_84' title='bbox 797 948 839 991; x_wconf 90' lang='lat' dir='ltr'><strong>in</strong></span> <span class='ocrx_word' id='word_1_85' title='bbox 862 963 1058 1007; x_wconf 86' lang='lat' dir='ltr'><strong>corpore,</strong></span> <span class='ocrx_word' id='word_1_86' title='bbox 1083 965 1135 994; x_wconf 85' lang='lat' dir='ltr'><strong>an</strong></span> <span class='ocrx_word' id='word_1_87' title='bbox 1157 959 1274 997; x_wconf 85' lang='lat' dir='ltr'><strong>extra</strong></span> <span class='ocrx_word' id='word_1_88' title='bbox 1291 966 1464 1011; x_wconf 84' lang='lat' dir='ltr'><strong>corpus,</strong></span> <span class='ocrx_word' id='word_1_89' title='bbox 1483 953 1696 998; x_wconf 76' lang='lat' dir='ltr'><strong>incertum</strong></span> 
     </span>
     <span class='ocr_line' id='line_1_11' title="bbox 332 1018 1698 1081; baseline 0.004 -17"><span class='ocrx_word' id='word_1_90' title='bbox 332 1018 421 1064; x_wconf 81' lang='lat' dir='ltr'><strong>sibi</strong></span> <span class='ocrx_word' id='word_1_91' title='bbox 437 1033 527 1062; x_wconf 82' lang='lat' dir='ltr'><strong>esse</strong></span> <span class='ocrx_word' id='word_1_92' title='bbox 557 1019 821 1063; x_wconf 81' lang='lat' dir='ltr'><strong>memoravit.</strong></span> <span class='ocrx_word' id='word_1_93' title='bbox 849 1018 958 1063; x_wconf 83' lang='lat' dir='ltr'><strong>Vide</strong></span> <span class='ocrx_word' id='word_1_94' title='bbox 979 1027 1179 1064; x_wconf 70' lang='lat' dir='ltr'><strong>stateram</strong></span> <span class='ocrx_word' id='word_1_95' title='bbox 1205 1022 1434 1081; x_wconf 70' lang='lat' dir='ltr'><strong>sapientiae.</strong></span> <span class='ocrx_word' id='word_1_96' title='bbox 1469 1023 1698 1070; x_wconf 79' lang='lat' dir='ltr'><strong>Constituit</strong></span> 
     </span>
     <span class='ocr_line' id='line_1_12' title="bbox 327 1081 1700 1149; baseline 0.007 -18"><span class='ocrx_word' id='word_1_97' title='bbox 327 1103 465 1132; x_wconf 86' lang='lat' dir='ltr'><strong>unum</strong></span> <span class='ocrx_word' id='word_1_98' title='bbox 490 1088 534 1131; x_wconf 88' lang='lat' dir='ltr'><strong>in</strong></span> <span class='ocrx_word' id='word_1_99' title='bbox 555 1087 741 1138; x_wconf 86' lang='lat' dir='ltr'><strong>Christo,</strong></span> <span class='ocrx_word' id='word_1_100' title='bbox 762 1097 806 1132; x_wconf 81' lang='lat' dir='ltr'><strong>et</strong></span> <span class='ocrx_word' id='word_1_101' title='bbox 825 1104 870 1132; x_wconf 90' lang='lat' dir='ltr'><strong>se</strong></span> <span class='ocrx_word' id='word_1_102' title='bbox 891 1081 1088 1141; x_wconf 56' lang='lat' dir='ltr'><strong>altorumss</strong></span> <span class='ocrx_word' id='word_1_103' title='bbox 1113 1092 1187 1149; x_wconf 91' lang='lat' dir='ltr'><strong>qui</strong></span> <span class='ocrx_word' id='word_1_104' title='bbox 1203 1092 1261 1136; x_wconf 83' lang='lat' dir='ltr'><strong>ait</strong></span> <span class='ocrx_word' id='word_1_105' title='bbox 1282 1107 1326 1136; x_wconf 67' lang='lat' dir='ltr'><strong>:a</strong></span> <span class='ocrx_word' id='word_1_106' title='bbox 1347 1093 1518 1138; x_wconf 41' lang='lat' dir='ltr'><strong>Nescioff</strong></span> <span class='ocrx_word' id='word_1_107' title='bbox 1537 1095 1700 1148; x_wconf 70' lang='lat' dir='ltr'><strong>»Quod</strong></span> 
     </span>
     <span class='ocr_line' id='line_1_13' title="bbox 332 1160 1696 1218; baseline 0.004 -14"><span class='ocrx_word' id='word_1_108' title='bbox 332 1160 517 1204; x_wconf 87' lang='lat' dir='ltr'><strong>alienum</strong></span> <span class='ocrx_word' id='word_1_109' title='bbox 540 1168 626 1211; x_wconf 81' lang='lat' dir='ltr'><strong>est,</strong></span> <span class='ocrx_word' id='word_1_110' title='bbox 645 1160 797 1204; x_wconf 81' lang='lat' dir='ltr'><strong>attollit</strong></span> <span class='ocrx_word' id='word_1_111' title='bbox 822 1175 833 1202; x_wconf 76' lang='grc' dir='ltr'><strong>ε</strong></span> <span class='ocrx_word' id='word_1_112' title='bbox 858 1162 973 1218; x_wconf 83' lang='lat' dir='ltr'><strong>quod</strong></span> <span class='ocrx_word' id='word_1_113' title='bbox 989 1177 1137 1213; x_wconf 89' lang='lat' dir='ltr'><strong>suum,</strong></span> <span class='ocrx_word' id='word_1_114' title='bbox 1162 1163 1374 1208; x_wconf 82' lang='lat' dir='ltr'><strong>humiliat.</strong></span> <span class='ocrx_word' id='word_1_115' title='bbox 1402 1182 1419 1205; x_wconf 75' lang='grc' dir='ltr'>ι</span> <span class='ocrx_word' id='word_1_116' title='bbox 1436 1165 1495 1210; x_wconf 81' lang='lat' dir='ltr'><strong>Et</strong></span> <span class='ocrx_word' id='word_1_117' title='bbox 1510 1166 1696 1218; x_wconf 82' lang='lat' dir='ltr'><strong>audivit,</strong></span> 
     </span>
     <span class='ocr_line' id='line_1_14' title="bbox 331 1223 1742 1289; baseline 0.006 -16"><span class='ocrx_word' id='word_1_118' title='bbox 331 1231 518 1289; x_wconf 73' lang='lat' dir='ltr'><strong>»inquit‚</strong></span> <span class='ocrx_word' id='word_1_119' title='bbox 546 1231 676 1275; x_wconf 80' lang='lat' dir='ltr'><strong>verba</strong></span> <span class='ocrx_word' id='word_1_120' title='bbox 706 1223 979 1276; x_wconf 81' lang='lat' dir='ltr'><strong>ineffabilia¹.</strong></span> <span class='ocrx_word' id='word_1_121' title='bbox 1013 1251 1030 1274; x_wconf 73' lang='grc' dir='ltr'><strong>ι</strong></span> <span class='ocrx_word' id='word_1_122' title='bbox 1049 1232 1144 1276; x_wconf 89' lang='lat' dir='ltr'><strong>Non</strong></span> <span class='ocrx_word' id='word_1_123' title='bbox 1167 1234 1271 1278; x_wconf 75' lang='lat' dir='ltr'><strong>dixit</strong></span> <span class='ocrx_word' id='word_1_124' title='bbox 1300 1251 1310 1276; x_wconf 75' lang='grc' dir='ltr'><strong>ε</strong></span> <span class='ocrx_word' id='word_1_125' title='bbox 1335 1253 1351 1274; x_wconf 76' lang='grc' dir='ltr'><strong>α</strong></span> <span class='ocrx_word' id='word_1_126' title='bbox 1370 1234 1557 1286; x_wconf 82' lang='lat' dir='ltr'><strong>Audivi;</strong></span> <span class='ocrx_word' id='word_1_127' title='bbox 1585 1255 1602 1278; x_wconf 68' lang='lat' dir='ltr'><strong><em>n</em></strong></span> <span class='ocrx_word' id='word_1_128' title='bbox 1621 1238 1698 1281; x_wconf 83' lang='lat' dir='ltr'><strong>sed</strong></span> <span class='ocrx_word' id='word_1_129' title='bbox 1740 1234 1742 1237; x_wconf 65' lang='grc'><strong>’</strong></span> 
     </span>
     <span class='ocr_line' id='line_1_15' title="bbox 328 1301 1697 1364; baseline 0.004 -20"><span class='ocrx_word' id='word_1_130' title='bbox 328 1303 446 1361; x_wconf 84' lang='lat' dir='ltr'><strong>quod</strong></span> <span class='ocrx_word' id='word_1_131' title='bbox 467 1302 573 1345; x_wconf 82' lang='lat' dir='ltr'><strong>alter</strong></span> <span class='ocrx_word' id='word_1_132' title='bbox 594 1301 789 1351; x_wconf 81' lang='lat' dir='ltr'><strong>audierit,</strong></span> <span class='ocrx_word' id='word_1_133' title='bbox 806 1316 892 1345; x_wconf 87' lang='lat' dir='ltr'><strong>non</strong></span> <span class='ocrx_word' id='word_1_134' title='bbox 914 1302 1097 1361; x_wconf 84' lang='lat' dir='ltr'><strong>negavit.</strong></span> <span class='ocrx_word' id='word_1_135' title='bbox 1116 1303 1368 1348; x_wconf 85' lang='lat' dir='ltr'><strong>Verecunde</strong></span> <span class='ocrx_word' id='word_1_136' title='bbox 1385 1305 1528 1364; x_wconf 79' lang='lat' dir='ltr'><strong>itaque</strong></span> <span class='ocrx_word' id='word_1_137' title='bbox 1541 1312 1697 1351; x_wconf 69' lang='lat' dir='ltr'><strong>testem</strong></span> 
     </span>
     <span class='ocr_line' id='line_1_16' title="bbox 330 1371 1699 1434; baseline 0.004 -18"><span class='ocrx_word' id='word_1_138' title='bbox 330 1387 375 1416; x_wconf 87' lang='lat' dir='ltr'><strong>se</strong></span> <span class='ocrx_word' id='word_1_139' title='bbox 390 1371 540 1416; x_wconf 84' lang='lat' dir='ltr'><strong>maluit</strong></span> <span class='ocrx_word' id='word_1_140' title='bbox 563 1371 802 1431; x_wconf 83' lang='lat' dir='ltr'><strong>siguificare</strong></span> <span class='ocrx_word' id='word_1_141' title='bbox 817 1387 945 1430; x_wconf 87' lang='lat' dir='ltr'><strong>quam</strong></span> <span class='ocrx_word' id='word_1_142' title='bbox 963 1381 1103 1416; x_wconf 81' lang='lat' dir='ltr'><strong>vatem</strong></span> <span class='ocrx_word' id='word_1_143' title='bbox 1116 1406 1128 1423; x_wconf 93' lang='lat'><strong>,</strong></span> <span class='ocrx_word' id='word_1_144' title='bbox 1149 1382 1194 1418; x_wconf 83' lang='lat' dir='ltr'><strong>et</strong></span> <span class='ocrx_word' id='word_1_145' title='bbox 1215 1374 1370 1434; x_wconf 73' lang='lat' dir='ltr'><strong>refugit</strong></span> <span class='ocrx_word' id='word_1_146' title='bbox 1390 1375 1524 1420; x_wconf 75' lang='lat' dir='ltr'><strong>&#39;videri</strong></span> <span class='ocrx_word' id='word_1_147' title='bbox 1551 1378 1699 1421; x_wconf 77' lang='lat' dir='ltr'><strong>coeles·</strong></span> 
     </span>
     <span class='ocr_line' id='line_1_17' title="bbox 328 1443 1702 1496; baseline 0.002 -9"><span class='ocrx_word' id='word_1_148' title='bbox 328 1443 437 1488; x_wconf 75' lang='lat' dir='ltr'><strong>tium</strong></span> <span class='ocrx_word' id='word_1_149' title='bbox 458 1443 617 1487; x_wconf 80' lang='lat' dir='ltr'><strong>arbiter</strong></span> <span class='ocrx_word' id='word_1_150' title='bbox 636 1451 912 1486; x_wconf 85' lang='lat' dir='ltr'><strong>secretorum.</strong></span> <span class='ocrx_word' id='word_1_151' title='bbox 939 1443 1250 1487; x_wconf 80' lang='lat' dir='ltr'>Testimonium</span> <span class='ocrx_word' id='word_1_152' title='bbox 1266 1447 1382 1488; x_wconf 88' lang='lat' dir='ltr'><strong>enim</strong></span> <span class='ocrx_word' id='word_1_153' title='bbox 1403 1446 1564 1496; x_wconf 86' lang='lat' dir='ltr'><strong>dicere,</strong></span> <span class='ocrx_word' id='word_1_154' title='bbox 1583 1447 1702 1490; x_wconf 56' lang='lat' dir='ltr'><strong>veri*</strong></span> 
     </span>
     <span class='ocr_line' id='line_1_18' title="bbox 327 1512 1689 1574; baseline 0.001 -16"><span class='ocrx_word' id='word_1_155' title='bbox 327 1514 424 1559; x_wconf 81' lang='lat' dir='ltr'><strong>tatis</strong></span> <span class='ocrx_word' id='word_1_156' title='bbox 443 1521 507 1557; x_wconf 73' lang='lat' dir='ltr'><strong>est</strong></span> <span class='ocrx_word' id='word_1_157' title='bbox 525 1527 537 1556; x_wconf 66' lang='grc' dir='ltr'><strong>ε</strong></span> <span class='ocrx_word' id='word_1_158' title='bbox 562 1512 764 1556; x_wconf 84' lang='lat' dir='ltr'><strong>meritum</strong></span> <span class='ocrx_word' id='word_1_159' title='bbox 778 1512 972 1555; x_wconf 80' lang='lat' dir='ltr'><strong>elationis</strong></span> <span class='ocrx_word' id='word_1_160' title='bbox 999 1512 1040 1569; x_wconf 74' lang='lat'><strong>(2</strong></span> <span class='ocrx_word' id='word_1_161' title='bbox 1050 1514 1092 1570; x_wconf 87' lang='lat'><strong>7)</strong></span> <span class='ocrx_word' id='word_1_162' title='bbox 1116 1529 1201 1556; x_wconf 90' lang='lat' dir='ltr'><strong>non</strong></span> <span class='ocrx_word' id='word_1_163' title='bbox 1223 1514 1438 1574; x_wconf 77' lang='lat' dir='ltr'>refugere,</span> <span class='ocrx_word' id='word_1_164' title='bbox 1457 1516 1689 1574; x_wconf 76' lang='lat' dir='ltr'><strong>gloriantis.</strong></span> 
     </span>
     <span class='ocr_line' id='line_1_19' title="bbox 325 1580 1692 1644; baseline 0.003 -16"><span class='ocrx_word' id='word_1_165' title='bbox 325 1584 514 1642; x_wconf 78' lang='lat' dir='ltr'><strong>Ideoque</strong></span> <span class='ocrx_word' id='word_1_166' title='bbox 544 1582 630 1626; x_wconf 85' lang='lat' dir='ltr'><strong>ait:</strong></span> <span class='ocrx_word' id='word_1_167' title='bbox 656 1600 672 1622; x_wconf 77' lang='grc' dir='ltr'><strong>α</strong></span> <span class='ocrx_word' id='word_1_168' title='bbox 692 1582 773 1626; x_wconf 92' lang='lat' dir='ltr'><strong>Pro</strong></span> <span class='ocrx_word' id='word_1_169' title='bbox 803 1580 1052 1640; x_wconf 86' lang='lat' dir='ltr'><strong>hujusmodi</strong></span> <span class='ocrx_word' id='word_1_170' title='bbox 1082 1583 1328 1642; x_wconf 88' lang='lat' dir='ltr'><strong>gloriabor:</strong></span> <span class='ocrx_word' id='word_1_171' title='bbox 1352 1601 1431 1644; x_wconf 86' lang='lat' dir='ltr'><strong>pro</strong></span> <span class='ocrx_word' id='word_1_172' title='bbox 1454 1600 1524 1630; x_wconf 90' lang='lat' dir='ltr'><strong>me</strong></span> <span class='ocrx_word' id='word_1_173' title='bbox 1549 1595 1692 1632; x_wconf 80' lang='lat' dir='ltr'><strong>autem</strong></span> 
     </span>
     <span class='ocr_line' id='line_1_20' title="bbox 322 1651 748 1713; baseline -0.005 -16"><span class='ocrx_word' id='word_1_174' title='bbox 322 1673 341 1697; x_wconf 65' lang='lat' dir='ltr'>n</span> <span class='ocrx_word' id='word_1_175' title='bbox 354 1669 439 1699; x_wconf 89' lang='lat' dir='ltr'><strong>non</strong></span> <span class='ocrx_word' id='word_1_176' title='bbox 461 1651 715 1713; x_wconf 83' lang='lat' dir='ltr'><strong>gloriabor².</strong></span> <span class='ocrx_word' id='word_1_177' title='bbox 734 1670 748 1694; x_wconf 76' lang='grc' dir='ltr'><strong><em>ο</em></strong></span> 
     </span>
     <span class='ocr_line' id='line_1_21' title="bbox 381 1723 1690 1782; baseline 0.003 -13"><span class='ocrx_word' id='word_1_178' title='bbox 381 1724 496 1770; x_wconf 89' lang='lat' dir='ltr'><strong>XLI.</strong></span> <span class='ocrx_word' id='word_1_179' title='bbox 533 1723 650 1777; x_wconf 85' lang='lat' dir='ltr'><strong>Quid</strong></span> <span class='ocrx_word' id='word_1_180' title='bbox 673 1731 738 1767; x_wconf 84' lang='lat' dir='ltr'><strong>est</strong></span> <span class='ocrx_word' id='word_1_181' title='bbox 766 1731 909 1767; x_wconf 87' lang='lat' dir='ltr'><strong>autem</strong></span> <span class='ocrx_word' id='word_1_182' title='bbox 937 1725 1053 1782; x_wconf 90' lang='lat' dir='ltr'><strong>quod</strong></span> <span class='ocrx_word' id='word_1_183' title='bbox 1077 1724 1135 1768; x_wconf 86' lang='lat' dir='ltr'><strong>ait</strong></span> <span class='ocrx_word' id='word_1_184' title='bbox 1165 1725 1331 1770; x_wconf 81' lang='lat' dir='ltr'><strong>audisse</strong></span> <span class='ocrx_word' id='word_1_185' title='bbox 1355 1727 1690 1780; x_wconf 39' lang='lat' dir='ltr'><strong>hominemrot</strong></span> 
     </span>
    </p>

    <p class='ocr_par' dir='ltr' id='par_1_3' title="bbox 303 1793 1691 2633">
     <span class='ocr_line' id='line_1_22' title="bbox 320 1793 1687 1857; baseline 0.002 -17"><span class='ocrx_word' id='word_1_186' title='bbox 320 1794 540 1840; x_wconf 88' lang='lat' dir='ltr'><strong>hominem</strong></span> <span class='ocrx_word' id='word_1_187' title='bbox 565 1795 685 1838; x_wconf 90' lang='lat' dir='ltr'><strong>illum</strong></span> <span class='ocrx_word' id='word_1_188' title='bbox 709 1793 751 1837; x_wconf 91' lang='lat' dir='ltr'><strong>in</strong></span> <span class='ocrx_word' id='word_1_189' title='bbox 775 1793 945 1838; x_wconf 83' lang='lat' dir='ltr'><strong>Christo</strong></span> <span class='ocrx_word' id='word_1_190' title='bbox 967 1826 978 1844; x_wconf 89' lang='lat'><strong><em>,</em></strong></span> <span class='ocrx_word' id='word_1_191' title='bbox 997 1810 1092 1852; x_wconf 84' lang='lat' dir='ltr'><strong>quae</strong></span> <span class='ocrx_word' id='word_1_192' title='bbox 1121 1810 1206 1838; x_wconf 88' lang='lat' dir='ltr'><strong>uon</strong></span> <span class='ocrx_word' id='word_1_193' title='bbox 1230 1795 1332 1840; x_wconf 85' lang='lat' dir='ltr'><strong>licet</strong></span> <span class='ocrx_word' id='word_1_194' title='bbox 1351 1797 1514 1841; x_wconf 88' lang='lat' dir='ltr'><strong>homini</strong></span> <span class='ocrx_word' id='word_1_195' title='bbox 1535 1799 1687 1857; x_wconf 67' lang='lat' dir='ltr'><strong>loqui?</strong></span> 
     </span>
     <span class='ocr_line' id='line_1_23' title="bbox 321 1864 1691 1927; baseline 0.003 -19"><span class='ocrx_word' id='word_1_196' title='bbox 321 1866 548 1919; x_wconf 87' lang='lat' dir='ltr'><strong>Quomodo</strong></span> <span class='ocrx_word' id='word_1_197' title='bbox 565 1864 647 1908; x_wconf 93' lang='lat' dir='ltr'><strong>hoc</strong></span> <span class='ocrx_word' id='word_1_198' title='bbox 665 1864 878 1914; x_wconf 85' lang='lat' dir='ltr'><strong>convenit,</strong></span> <span class='ocrx_word' id='word_1_199' title='bbox 905 1872 952 1907; x_wconf 79' lang='lat' dir='ltr'><strong>ut</strong></span> <span class='ocrx_word' id='word_1_200' title='bbox 969 1879 1055 1907; x_wconf 88' lang='lat' dir='ltr'><strong>non</strong></span> <span class='ocrx_word' id='word_1_201' title='bbox 1070 1865 1239 1909; x_wconf 81' lang='lat' dir='ltr'><strong>licuerit</strong></span> <span class='ocrx_word' id='word_1_202' title='bbox 1255 1866 1418 1910; x_wconf 83' lang='lat' dir='ltr'><strong>homiui</strong></span> <span class='ocrx_word' id='word_1_203' title='bbox 1435 1868 1569 1926; x_wconf 87' lang='lat' dir='ltr'><strong>loqui,</strong></span> <span class='ocrx_word' id='word_1_204' title='bbox 1589 1884 1691 1927; x_wconf 60' lang='lat' dir='ltr'><strong>quae</strong></span> 
     </span>
     <span class='ocr_line' id='line_1_24' title="bbox 319 1934 1682 1995; baseline 0.001 -11"><span class='ocrx_word' id='word_1_205' title='bbox 319 1937 490 1984; x_wconf 80' lang='lat' dir='ltr'><strong>licuerit</strong></span> <span class='ocrx_word' id='word_1_206' title='bbox 516 1935 679 1981; x_wconf 87' lang='lat' dir='ltr'><strong>homini</strong></span> <span class='ocrx_word' id='word_1_207' title='bbox 707 1935 856 1979; x_wconf 84' lang='lat' dir='ltr'><strong>audire</strong></span> <span class='ocrx_word' id='word_1_208' title='bbox 878 1934 897 1978; x_wconf 72' lang='grc' dir='ltr'><strong><em>Ρ</em></strong></span> <span class='ocrx_word' id='word_1_209' title='bbox 918 1934 962 1979; x_wconf 90' lang='lat' dir='ltr'><strong>Si</strong></span> <span class='ocrx_word' id='word_1_210' title='bbox 986 1936 1065 1995; x_wconf 82' lang='lat' dir='ltr'><strong>ipsi</strong></span> <span class='ocrx_word' id='word_1_211' title='bbox 1085 1935 1263 1988; x_wconf 81' lang='lat' dir='ltr'><strong>homini,</strong></span> <span class='ocrx_word' id='word_1_212' title='bbox 1291 1938 1365 1995; x_wconf 85' lang='lat' dir='ltr'><strong>qui</strong></span> <span class='ocrx_word' id='word_1_213' title='bbox 1387 1939 1570 1990; x_wconf 83' lang='lat' dir='ltr'><strong>audivit,</strong></span> <span class='ocrx_word' id='word_1_214' title='bbox 1595 1955 1682 1985; x_wconf 81' lang='lat' dir='ltr'><strong>non</strong></span> 
     </span>
     <span class='ocr_line' id='line_1_25' title="bbox 316 2005 1683 2070; baseline 0.002 -18"><span class='ocrx_word' id='word_1_215' title='bbox 316 2008 417 2056; x_wconf 84' lang='lat' dir='ltr'><strong>licet</strong></span> <span class='ocrx_word' id='word_1_216' title='bbox 432 2007 564 2065; x_wconf 89' lang='lat' dir='ltr'><strong>loqui,</strong></span> <span class='ocrx_word' id='word_1_217' title='bbox 580 2005 799 2065; x_wconf 86' lang='lat' dir='ltr'><strong>quomodo</strong></span> <span class='ocrx_word' id='word_1_218' title='bbox 812 2006 850 2049; x_wconf 92' lang='lat' dir='ltr'><strong>ei</strong></span> <span class='ocrx_word' id='word_1_219' title='bbox 865 2006 1077 2050; x_wconf 81' lang='lat' dir='ltr'><strong>creditum</strong></span> <span class='ocrx_word' id='word_1_220' title='bbox 1092 2015 1156 2053; x_wconf 76' lang='lat' dir='ltr'><strong>est</strong></span> <span class='ocrx_word' id='word_1_221' title='bbox 1172 2007 1338 2060; x_wconf 84' lang='lat' dir='ltr'><strong>audire,</strong></span> <span class='ocrx_word' id='word_1_222' title='bbox 1354 2010 1471 2067; x_wconf 85' lang='lat' dir='ltr'><strong>quod</strong></span> <span class='ocrx_word' id='word_1_223' title='bbox 1483 2025 1570 2054; x_wconf 85' lang='lat' dir='ltr'><strong>non</strong></span> <span class='ocrx_word' id='word_1_224' title='bbox 1589 2026 1683 2070; x_wconf 87' lang='lat' dir='ltr'><strong>per·</strong></span> 
     </span>
     <span class='ocr_line' id='line_1_26' title="bbox 317 2076 1682 2134; baseline 0.002 -12"><span class='ocrx_word' id='word_1_225' title='bbox 317 2079 492 2122; x_wconf 87' lang='lat' dir='ltr'><strong>missum</strong></span> <span class='ocrx_word' id='word_1_226' title='bbox 514 2085 578 2121; x_wconf 87' lang='lat' dir='ltr'><strong>est</strong></span> <span class='ocrx_word' id='word_1_227' title='bbox 593 2076 709 2134; x_wconf 88' lang='lat' dir='ltr'><strong>loqui</strong></span> <span class='ocrx_word' id='word_1_228' title='bbox 722 2093 734 2126; x_wconf 86' lang='lat'>;</span> <span class='ocrx_word' id='word_1_229' title='bbox 759 2091 853 2134; x_wconf 83' lang='lat' dir='ltr'><strong>quae</strong></span> <span class='ocrx_word' id='word_1_230' title='bbox 875 2076 952 2120; x_wconf 76' lang='lat' dir='ltr'><strong>ista</strong></span> <span class='ocrx_word' id='word_1_231' title='bbox 976 2077 1174 2121; x_wconf 79' lang='lat' dir='ltr'><strong>distantia</strong></span> <span class='ocrx_word' id='word_1_232' title='bbox 1193 2077 1289 2122; x_wconf 77' lang='lat' dir='ltr'><strong>est?</strong></span> <span class='ocrx_word' id='word_1_233' title='bbox 1310 2078 1354 2122; x_wconf 88' lang='lat' dir='ltr'><strong>Si</strong></span> <span class='ocrx_word' id='word_1_234' title='bbox 1377 2080 1497 2124; x_wconf 75' lang='lat' dir='ltr'><strong>alteri</strong></span> <span class='ocrx_word' id='word_1_235' title='bbox 1515 2080 1682 2126; x_wconf 86' lang='lat' dir='ltr'><strong>homini</strong></span> 
     </span>
     <span class='ocr_line' id='line_1_27' title="bbox 315 2147 1679 2210; baseline 0.004 -18"><span class='ocrx_word' id='word_1_236' title='bbox 315 2149 387 2208; x_wconf 93' lang='lat' dir='ltr'><strong>qui</strong></span> <span class='ocrx_word' id='word_1_237' title='bbox 407 2156 515 2193; x_wconf 85' lang='lat' dir='ltr'><strong>esset</strong></span> <span class='ocrx_word' id='word_1_238' title='bbox 532 2147 734 2197; x_wconf 76' lang='lat' dir='ltr'><strong>exterior,</strong></span> <span class='ocrx_word' id='word_1_239' title='bbox 753 2148 970 2205; x_wconf 89' lang='lat' dir='ltr'><strong>quomodo</strong></span> <span class='ocrx_word' id='word_1_240' title='bbox 987 2148 1126 2206; x_wconf 81' lang='lat' dir='ltr'><strong>potuit</strong></span> <span class='ocrx_word' id='word_1_241' title='bbox 1140 2148 1270 2193; x_wconf 89' lang='lat' dir='ltr'><strong>homo</strong></span> <span class='ocrx_word' id='word_1_242' title='bbox 1286 2163 1545 2210; x_wconf 71' lang='lat' dir='ltr'><strong>cognoscere</strong></span> <span class='ocrx_word' id='word_1_243' title='bbox 1561 2153 1679 2210; x_wconf 77' lang='lat' dir='ltr'><strong>quod</strong></span> 
     </span>
     <span class='ocr_line' id='line_1_28' title="bbox 313 2217 1677 2280; baseline 0.001 -16"><span class='ocrx_word' id='word_1_244' title='bbox 313 2219 476 2265; x_wconf 88' lang='lat' dir='ltr'><strong>homini</strong></span> <span class='ocrx_word' id='word_1_245' title='bbox 503 2233 589 2262; x_wconf 90' lang='lat' dir='ltr'><strong>non</strong></span> <span class='ocrx_word' id='word_1_246' title='bbox 612 2217 769 2262; x_wconf 81' lang='lat' dir='ltr'><strong>licebat</strong></span> <span class='ocrx_word' id='word_1_247' title='bbox 798 2217 976 2261; x_wconf 81' lang='lat' dir='ltr'><strong>audire?</strong></span> <span class='ocrx_word' id='word_1_248' title='bbox 1001 2219 1124 2262; x_wconf 88' lang='lat' dir='ltr'><strong>Unde</strong></span> <span class='ocrx_word' id='word_1_249' title='bbox 1143 2218 1313 2263; x_wconf 84' lang='lat' dir='ltr'><strong>videtur</strong></span> <span class='ocrx_word' id='word_1_250' title='bbox 1338 2234 1426 2263; x_wconf 78' lang='lat' dir='ltr'><strong>non</strong></span> <span class='ocrx_word' id='word_1_251' title='bbox 1451 2221 1584 2280; x_wconf 80' lang='lat' dir='ltr'><strong>gratia</strong></span> <span class='ocrx_word' id='word_1_252' title='bbox 1607 2223 1677 2266; x_wconf 85' lang='lat' dir='ltr'><strong>lo-</strong></span> 
     </span>
     <span class='ocr_line' id='line_1_29' title="bbox 312 2287 1681 2350; baseline 0.003 -16"><span class='ocrx_word' id='word_1_253' title='bbox 312 2291 471 2350; x_wconf 86' lang='lat' dir='ltr'><strong>quendi</strong></span> <span class='ocrx_word' id='word_1_254' title='bbox 494 2289 552 2333; x_wconf 91' lang='lat' dir='ltr'><strong>illi</strong></span> <span class='ocrx_word' id='word_1_255' title='bbox 577 2288 740 2332; x_wconf 83' lang='lat' dir='ltr'><strong>homini</strong></span> <span class='ocrx_word' id='word_1_256' title='bbox 767 2287 947 2331; x_wconf 82' lang='lat' dir='ltr'><strong>defuisse</strong></span> <span class='ocrx_word' id='word_1_257' title='bbox 968 2287 1043 2346; x_wconf 85' lang='lat' dir='ltr'><strong>qui</strong></span> <span class='ocrx_word' id='word_1_258' title='bbox 1066 2297 1176 2332; x_wconf 87' lang='lat' dir='ltr'><strong>esset</strong></span> <span class='ocrx_word' id='word_1_259' title='bbox 1200 2288 1243 2332; x_wconf 92' lang='lat' dir='ltr'><strong>in</strong></span> <span class='ocrx_word' id='word_1_260' title='bbox 1267 2288 1460 2341; x_wconf 76' lang='lat' dir='ltr'><strong>Christo,</strong></span> <span class='ocrx_word' id='word_1_261' title='bbox 1488 2292 1561 2335; x_wconf 83' lang='lat' dir='ltr'><strong>cui</strong></span> <span class='ocrx_word' id='word_1_262' title='bbox 1576 2307 1681 2338; x_wconf 54' lang='lat' dir='ltr'><strong>*non*</strong></span> 
     </span>
     <span class='ocr_line' id='line_1_30' title="bbox 309 2358 1674 2421; baseline 0.001 -15"><span class='ocrx_word' id='word_1_263' title='bbox 309 2361 468 2411; x_wconf 58' lang='lat' dir='ltr'><strong>desum</strong></span> <span class='ocrx_word' id='word_1_264' title='bbox 488 2360 563 2403; x_wconf 89' lang='lat' dir='ltr'><strong>sed</strong></span> <span class='ocrx_word' id='word_1_265' title='bbox 581 2359 641 2403; x_wconf 88' lang='lat' dir='ltr'><strong>eis</strong></span> <span class='ocrx_word' id='word_1_266' title='bbox 659 2358 732 2417; x_wconf 93' lang='lat' dir='ltr'><strong>qui</strong></span> <span class='ocrx_word' id='word_1_267' title='bbox 759 2358 969 2409; x_wconf 66' lang='lat' dir='ltr'><strong>audirem,</strong></span> <span class='ocrx_word' id='word_1_268' title='bbox 986 2358 1148 2409; x_wconf 87' lang='lat' dir='ltr'><strong>locum,</strong></span> <span class='ocrx_word' id='word_1_269' title='bbox 1167 2367 1350 2420; x_wconf 87' lang='lat' dir='ltr'><strong>tempus,</strong></span> <span class='ocrx_word' id='word_1_270' title='bbox 1373 2361 1574 2407; x_wconf 85' lang='lat' dir='ltr'><strong>meritum</strong></span> <span class='ocrx_word' id='word_1_271' title='bbox 1594 2364 1674 2421; x_wconf 52' lang='lat' dir='ltr'><strong>dog</strong></span> 
     </span>
     <span class='ocr_line' id='line_1_31' title="bbox 309 2428 1674 2492; baseline 0.001 -16"><span class='ocrx_word' id='word_1_272' title='bbox 309 2431 453 2476; x_wconf 79' lang='lat' dir='ltr'><strong>fuisse.</strong></span> <span class='ocrx_word' id='word_1_273' title='bbox 485 2430 561 2475; x_wconf 88' lang='lat' dir='ltr'><strong>Ille</strong></span> <span class='ocrx_word' id='word_1_274' title='bbox 586 2429 702 2473; x_wconf 89' lang='lat' dir='ltr'><strong>enim</strong></span> <span class='ocrx_word' id='word_1_275' title='bbox 723 2428 767 2472; x_wconf 89' lang='lat' dir='ltr'><strong>in</strong></span> <span class='ocrx_word' id='word_1_276' title='bbox 792 2429 901 2473; x_wconf 86' lang='lat' dir='ltr'><strong>coelo</strong></span> <span class='ocrx_word' id='word_1_277' title='bbox 922 2428 1112 2479; x_wconf 85' lang='lat' dir='ltr'><strong>audivit;</strong></span> <span class='ocrx_word' id='word_1_278' title='bbox 1137 2437 1181 2473; x_wconf 90' lang='lat' dir='ltr'><strong>et</strong></span> <span class='ocrx_word' id='word_1_279' title='bbox 1200 2429 1294 2473; x_wconf 87' lang='lat' dir='ltr'><strong>ideo</strong></span> <span class='ocrx_word' id='word_1_280' title='bbox 1315 2445 1402 2474; x_wconf 88' lang='lat' dir='ltr'><strong>non</strong></span> <span class='ocrx_word' id='word_1_281' title='bbox 1425 2436 1674 2492; x_wconf 76' lang='lat' dir='ltr'><strong>competere</strong></span> 
     </span>
     <span class='ocr_line' id='line_1_32' title="bbox 306 2498 1672 2562; baseline 0.001 -17"><span class='ocrx_word' id='word_1_282' title='bbox 306 2501 544 2562; x_wconf 71' lang='lat' dir='ltr'><strong>judicatum</strong></span> <span class='ocrx_word' id='word_1_283' title='bbox 559 2508 645 2550; x_wconf 85' lang='lat' dir='ltr'><strong>est,</strong></span> <span class='ocrx_word' id='word_1_284' title='bbox 668 2507 717 2543; x_wconf 84' lang='lat' dir='ltr'><strong>ut</strong></span> <span class='ocrx_word' id='word_1_285' title='bbox 733 2498 777 2543; x_wconf 88' lang='lat' dir='ltr'><strong>id</strong></span> <span class='ocrx_word' id='word_1_286' title='bbox 791 2499 1037 2558; x_wconf 88' lang='lat' dir='ltr'><strong>loqueretur</strong></span> <span class='ocrx_word' id='word_1_287' title='bbox 1051 2499 1096 2543; x_wconf 89' lang='lat' dir='ltr'><strong>in</strong></span> <span class='ocrx_word' id='word_1_288' title='bbox 1115 2499 1238 2544; x_wconf 86' lang='lat' dir='ltr'><strong>terris</strong></span> <span class='ocrx_word' id='word_1_289' title='bbox 1253 2532 1264 2554; x_wconf 88' lang='lat'>,</span> <span class='ocrx_word' id='word_1_290' title='bbox 1287 2502 1403 2560; x_wconf 89' lang='lat' dir='ltr'><strong>quod</strong></span> <span class='ocrx_word' id='word_1_291' title='bbox 1423 2502 1672 2547; x_wconf 41' lang='lat' dir='ltr'><strong>audissetsin</strong></span> 
     </span>
     <span class='ocr_line' id='line_1_33' title="bbox 303 2570 1673 2633; baseline 0 -15"><span class='ocrx_word' id='word_1_292' title='bbox 303 2574 440 2624; x_wconf 75' lang='lat' dir='ltr'><strong>coe103</strong></span> <span class='ocrx_word' id='word_1_293' title='bbox 459 2587 558 2617; x_wconf 89' lang='lat' dir='ltr'><strong>cum</strong></span> <span class='ocrx_word' id='word_1_294' title='bbox 580 2571 623 2615; x_wconf 89' lang='lat' dir='ltr'><strong>in</strong></span> <span class='ocrx_word' id='word_1_295' title='bbox 644 2571 733 2630; x_wconf 83' lang='lat' dir='ltr'><strong>ipsa</strong></span> <span class='ocrx_word' id='word_1_296' title='bbox 748 2577 860 2614; x_wconf 85' lang='lat' dir='ltr'><strong>terra</strong></span> <span class='ocrx_word' id='word_1_297' title='bbox 881 2570 934 2617; x_wconf 81' lang='lat' dir='ltr'><strong>sit</strong></span> <span class='ocrx_word' id='word_1_298' title='bbox 950 2571 1026 2617; x_wconf 79' lang='lat' dir='ltr'><strong>ista</strong></span> <span class='ocrx_word' id='word_1_299' title='bbox 1043 2570 1258 2625; x_wconf 78' lang='lat' dir='ltr'><strong>discretio,</strong></span> <span class='ocrx_word' id='word_1_300' title='bbox 1277 2580 1326 2618; x_wconf 74' lang='lat' dir='ltr'><strong>ut</strong></span> <span class='ocrx_word' id='word_1_301' title='bbox 1339 2573 1454 2632; x_wconf 85' lang='lat' dir='ltr'><strong>quod</strong></span> <span class='ocrx_word' id='word_1_302' title='bbox 1472 2571 1518 2619; x_wconf 84' lang='lat' dir='ltr'><strong>in</strong></span> <span class='ocrx_word' id='word_1_303' title='bbox 1532 2572 1673 2633; x_wconf 57' lang='lat' dir='ltr'><strong>altera</strong></span> 
     </span>
    </p>
   </div>
   <div class='ocr_carea' id='block_1_3' title="bbox 345 2661 862 2709">
    <p class='ocr_par' dir='ltr' id='par_1_4' title="bbox 345 2661 862 2709">
     <span class='ocr_line' id='line_1_34' title="bbox 345 2661 862 2709; baseline -0.008 -9"><span class='ocrx_word' id='word_1_304' title='bbox 345 2673 358 2690; x_wconf 77' lang='lat'>²</span> <span class='ocrx_word' id='word_1_305' title='bbox 379 2675 398 2700; x_wconf 64' lang='grc' dir='ltr'><strong>ο</strong></span> <span class='ocrx_word' id='word_1_306' title='bbox 413 2663 493 2699; x_wconf 85' lang='lat' dir='ltr'><strong>Cor.</strong></span> <span class='ocrx_word' id='word_1_307' title='bbox 509 2674 571 2705; x_wconf 68' lang='grc' dir='ltr'><strong>ιιι,</strong></span> <span class='ocrx_word' id='word_1_308' title='bbox 586 2663 621 2703; x_wconf 78' lang='grc'><strong>4.</strong></span> <span class='ocrx_word' id='word_1_309' title='bbox 635 2678 677 2699; x_wconf 63' lang='grc' dir='ltr'><strong>ψ-</strong></span> <span class='ocrx_word' id='word_1_310' title='bbox 691 2671 708 2709; x_wconf 66' lang='lat'><em>5</em></span> <span class='ocrx_word' id='word_1_311' title='bbox 723 2661 812 2699; x_wconf 75' lang='lat' dir='ltr'><strong>lbid.</strong></span> <span class='ocrx_word' id='word_1_312' title='bbox 830 2661 862 2696; x_wconf 81' lang='lat'><strong>5.</strong></span> 
     </span>
    </p>
   </div>
  </div>
 </body>
</html>
