1794 3256
325 311 343 340 ι
354 294 407 339 52
875 309 905 336 s.
947 306 1137 335 sunnosu

318 388 459 450 potuit
477 388 710 448 intelligere
732 395 779 430 ut
801 387 911 430 bene
934 393 1098 444 ageret,
1116 385 1154 428 si
1176 384 1393 431 voluisset.
1419 386 1602 432 Videbat
1617 403 1687 433 sa-

320 460 414 505 nari
434 459 716 520 paralyticos,
740 457 864 505 caecis
895 457 1063 500 refundi
1089 458 1258 506 lumen,
1286 465 1476 502 mortuos
1505 459 1687 504 resusci-

322 531 434 575 tari:
466 545 572 573 num
602 529 750 573 debuit
779 527 1016 586 intelligere
1045 528 1160 586 quod
1187 527 1299 571 Deus
1331 536 1466 579 esset,
1496 529 1570 588 qui
1587 529 1687 574 talia

319 610 464 662 posset
481 600 678 661 operari?
695 599 781 643 Sed
797 599 1031 658 intelligere
1047 598 1183 642 noluit
1194 615 1207 649 ς
1219 598 1316 657 qnia
1332 600 1629 645 avarus‘hmo
1643 609 1688 662 et

320 673 516 734 pecuniae
551 673 741 716 intentus
775 687 798 714 a
835 670 1078 729 cognitione
1104 670 1341 714 Divinitatis
1375 672 1564 730 vigorem
1601 687 1687 716 suae

318 745 477 788 mentis
498 743 662 787 avertit.
696 741 990 799 Unusquisque
1015 741 1129 785 enim
1152 740 1225 799 qui
1247 757 1291 784 se
1307 740 1475 801 flagitiis
1498 741 1688 801 ingurgi-

344 816 476 859 averit
495 847 507 865 ,
558 829 644 857 non
679 814 770 857 vult
801 813 1035 871 intelligere
1071 827 1171 871 >quae
1198 813 1432 856 coelestium
1463 815 1690 858 mandato-

275 903 281 910 ·
346 901 420 929 um
446 893 565 935 sunt,
590 899 645 928 ne
665 892 891 927 revocetur
911 898 932 926 a
955 883 1082 926 vitiis.
1107 883 1212 926 Vide
1228 883 1345 926 illum
1367 883 1599 941 fugientem
1622 885 1690 927 in-

325 957 514 1016 telligere
526 989 538 1007 ,
563 956 637 1015 qui
655 956 713 999 ait
730 970 741 998 :
766 973 782 995 α
798 955 1004 999 Tenebrae
1030 954 1231 1014 operiunt
1249 970 1342 1005 me,
1359 963 1403 1015 et
1421 955 1690 1001 circumdant

323 1027 534 1087 »parietes
556 1042 566 1070 :
590 1026 683 1085 quis
705 1026 784 1069 scit
806 1041 859 1068 an
881 1026 1022 1069 videat
1039 1024 1267 1068 Dominus'
1284 1025 1303 1068 Ρ
1318 1044 1334 1065 ι
1355 1025 1449 1070 Non
1466 1027 1558 1070 vult
1574 1025 1691 1069 enim

321 1113 513 1157 quaerere
529 1105 573 1141 et
585 1097 790 1147 invenire,
804 1098 919 1154 quod
934 1097 1048 1139 Deus
1065 1096 1206 1139 omnia
1224 1096 1365 1140 videat
1380 1105 1508 1155 atque
1517 1112 1692 1157 eognos-

322 1176 414 1218 cat;
449 1183 502 1211 ne
530 1174 649 1212 metu
679 1167 922 1210 retrahatur
953 1182 976 1209 a
1007 1166 1200 1210 crimine.
1234 1166 1342 1211 Vide
1368 1182 1512 1227 regem
1541 1167 1691 1212 Achab

325 1247 543 1298 petentem
561 1254 581 1281 a
595 1237 792 1282 Nabuthe
815 1238 980 1281 vineam
999 1237 1115 1295 ejus:
1139 1250 1348 1296 cognosce
1365 1240 1692 1298 respondentem

324 1309 445 1352 illum
465 1324 474 1351 :
509 1327 525 1349 α
542 1307 664 1352 Absit
681 1316 728 1352 ut
745 1310 893 1351 cedam
912 1307 1204 1351 haereditatem
1223 1317 1391 1366 patrum
1409 1323 1604 1352 meorum
1616 1307 1647 1351 ².
1666 1326 1683 1348 ιι

327 1379 421 1424 Non
445 1378 592 1422 debuit
613 1379 846 1438 intelligere
871 1380 987 1437 quod
1016 1378 1127 1436 justa
1150 1378 1392 1422 referebat?
1410 1378 1497 1422 Sed
1515 1378 1694 1423 «Noluit

323 1449 592 1508 »intelligere
607 1458 656 1492 ut
673 1450 781 1493 bene
803 1458 970 1508 ageret,
987 1468 1004 1490 n
1025 1457 1068 1492 et
1085 1444 1219 1492 aliena
1241 1465 1326 1492 non
1350 1457 1571 1508 quaereret.
1598 1449 1692 1494 Non

327 1519 477 1562 debuit
499 1519 735 1578 intelligere
757 1521 873 1577 quod
892 1534 993 1562 vero
1014 1520 1125 1562 Elias
1145 1519 1236 1562 Deo
1252 1519 1485 1569 serviebat,
1509 1533 1609 1563 cnm
1630 1518 1694 1562 vi—

323 1592 446 1634 deret
467 1591 509 1633 in
528 1591 660 1634 verbo
680 1591 782 1633 Eliae
806 1592 998 1634 clausum
1021 1593 1177 1633 coelum
1194 1591 1332 1634 tribus
1357 1591 1478 1634 annis
1493 1598 1536 1634 et
1558 1590 1695 1635 trihus

323 1660 564 1710 mensibus;
582 1669 626 1704 et
643 1661 695 1703 ad
711 1676 859 1720 preces
874 1661 966 1719 ejus
983 1661 1145 1720 pluvias
1159 1657 1249 1704 esse
1265 1660 1466 1704 demissas
1477 1686 1492 1712 ,κ
1513 1668 1562 1704 ut
1576 1661 1694 1705 arida

325 1732 468 1774 omnia
503 1730 771 1790 rigarentur?
805 1731 890 1775 Sed
927 1732 1064 1775 noluit
1097 1731 1330 1790 intelligere
1345 1764 1356 1781 .
1387 1747 1442 1775 ne
1472 1730 1694 1790 perfidiam

325 1804 654 1852 condemnaret,
675 1812 924 1861 sequeretur
946 1802 1091 1846 fidem.

386 1873 503 1918 XVI.
541 1873 787 1926 Quinetiam
820 1892 836 1913 ι
861 1873 1134 1931 Iniquitatem
1156 1873 1385 1916 meditatus
1406 1881 1471 1917 est
1498 1873 1542 1917 in
1562 1873 1695 1917 cubili

323 1944 479 1995 »suo³,
497 1963 513 1985 ιι
535 1945 610 1988 ubi
631 1960 782 1988 verum
806 1959 995 2002 quaerere
1021 1945 1248 1988 debuisset.
1277 1946 1324 1988 In
1347 1944 1559 1988 cubilibus
1580 1945 1696 1990 enim

327 2030 722 2075 compungere‘nos
749 2017 910 2060 debent
936 2023 1079 2059 nostra
1103 2024 1303 2075 peccata,
1338 2030 1422 2059 non
1444 2015 1543 2074 ipsis
1564 2013 1696 2059 delin-

326 2088 498 2145 quendo
516 2085 727 2130 committi
741 2118 753 2136 .
771 2085 940 2130 dicente
951 2086 1164 2144 Propheta
1185 2102 1196 2128 ε
1222 2104 1239 2125 α
1258 2085 1365 2138 Quae
1386 2084 1526 2129 dicitis
1543 2084 1589 2128 in
1603 2099 1698 2128 cora

327 2176 346 2198 ι
360 2156 485 2201 dibus
505 2155 675 2206 vestris,
708 2165 752 2201 et
781 2156 823 2201 in
853 2156 1067 2200 cubilibus
1088 2156 1236 2200 vestris
1258 2153 1640 2215 compungimini&
1664 2173 1685 2195 ¹n·

388 2227 524 2272 XVII.
571 2245 588 2267 α
605 2227 771 2277 Astitit,
794 2227 955 2285 inquit,
973 2227 1090 2270 omni
1107 2227 1184 2270 viae
1201 2241 1287 2269 non
1309 2226 1432 2272 bonae
1448 2240 1472 2275 ,τ
1489 2223 1696 2286 maiitiam

308 2305 503 2340 mantem
523 2297 622 2340 odio
652 2312 740 2341 non
765 2297 957 2341 hahuit⁵.
986 2315 1004 2339 n
1034 2297 1127 2342 Non
1151 2297 1267 2341 enim
1298 2295 1510 2341 immerito
1540 2293 1697 2354 injusta

329 2368 577 2418 meditatur,
602 2368 675 2426 qui
697 2369 741 2411 in
762 2369 826 2412 via
843 2368 1000 2412 erroris
1025 2368 1200 2416 assistit,
1216 2376 1274 2412 -et
1305 2367 1511 2412 malitiam
1538 2365 1694 2427 diligit,
1764 2370 1782 2384 ⁶

321 2451 456 2497 quam
478 2439 619 2482 odisse
638 2439 828 2484 deberet.
853 2441 951 2483 Plus
974 2439 1099 2491 dixit,
1125 2456 1141 2479 α
1159 2438 1366 2489 Astitit3-2·
1397 2437 1516 2496 quasi
1534 2437 1699 2495 jamdu-

329 2509 432 2553 dum
453 2508 499 2552 in
525 2509 589 2552 via
612 2509 830 2603 ”sequmae'
859 2511 1061 2554 diuturna
1090 2508 1295 2558 statione,
1325 2515 1589 2567 permaneat.
1610 2507 1697 2561 Ele

377 2620 388 2639 ¹
402 2613 510 2648 necle.
527 2623 626 2653 xxm.
640 2614 690 2648 26.
704 2631 742 2640 --
755 2622 769 2639 ¹
783 2613 804 2646 3
818 2614 897 2658 fleg.
911 2624 984 2655 ιιι,
1000 2614 1032 2649 3,
1045 2632 1084 2640 -
1097 2615 1112 2639 ⁸
1125 2612 1209 2648 Psal.
1228 2623 1325 2653 xxxv,
1341 2612 1373 2647 5.
1393 2628 1434 2639 --
1454 2613 1468 2640 ί
1487 2611 1537 2646 td.
1555 2621 1601 2651 ιν,
1619 2611 1700 2644 5.—

330 2671 346 2694 5
363 2667 418 2702 ld.
439 2677 536 2709 xxxv,
