1794 3256
310 281 400 333 284
861 294 892 323 s.
933 294 1124 323 Amssnosu

310 374 437 418 batur
456 381 498 417 et
517 373 673 418 Paulus
695 374 840 417 dicens
861 388 904 416 ια
917 373 971 416 Et
992 373 1085 431 quis
1107 381 1171 416 est
1191 374 1263 432 qui
1279 372 1465 420 laetificat
1486 377 1678 427 me,''³nisi
1719 412 1721 415 f

306 462 327 486 ι
341 445 413 502 qui
443 444 719 488 contristatur
740 459 791 487 ex
822 458 892 486 me
908 442 920 464 ¹
938 443 955 485 Ρ
975 461 992 483 n
1010 443 1288 502 Objurgando
1318 447 1433 489 enim
1459 447 1650 491 dolorem
1663 479 1676 497 ,

309 515 540 566 tristitiam,
562 516 742 574 gemitus
759 514 986 564 excitabat,
1006 522 1054 558 ut
1070 524 1241 574 agerent
1257 517 1574 575 poenitentiam;
1593 533 1679 576 quo

308 585 633 630 irrevocabilem
647 586 813 629 veniam
836 594 879 628 et
901 587 1107 636 salutem,
1133 586 1255 645 cujus
1277 588 1415 631 Deum
1435 603 1520 631 non
1540 587 1680 648 pumi-

310 663 437 706 teret,
461 665 740 700 mererentur.
768 657 843 699 Ille
863 656 992 714 igitur
1008 671 1130 700 verus
1152 665 1215 700 cst
1227 657 1338 707 finis,
1359 658 1431 716 qui
1451 673 1538 702 non
1552 658 1679 703 unius
1708 692 1715 697 -

256 762 262 764 ψ
304 726 392 770 erit
415 726 526 777 finis,
546 729 620 770 sed
641 728 847 770 omnium.
872 723 1100 779 Quomodo
1117 743 1218 786 ergo
1232 727 1362 772 finem
1381 744 1526 772 meum
1548 728 1682 773 dixit?

307 796 397 841 Sed
426 797 646 840 considera
672 798 764 855 quis
797 799 1008 855 loquatur.
1038 798 1190 856 Utique
1217 799 1370 850 homo,
1399 801 1467 844 vel
1491 815 1603 844 unus
1628 815 1680 844 ex

311 867 557 911 hominibus
580 884 679 911 usus
706 869 1013 913 communitate
1031 870 1292 920 substa'ntiae,
1311 872 1379 914 vel
1400 870 1495 929 quia
1517 873 1571 915 ad
1589 871 1685 915 for-·

309 952 426 981 mam
459 939 755 982 universorum
785 939 1041 983 describitur
1058 972 1070 989 ,
1094 948 1136 983 et
1177 942 1229 984 ad
1252 941 1555 1000 perfectionem
1579 956 1681 986 con-

307 1010 512 1053 summati
533 1010 719 1053 hominis
744 1012 952 1054 eruditur.

370 1079 505 1124 XVII.
545 1082 665 1124 Unde
691 1089 734 1124 et
757 1082 920 1124 addidit
939 1089 1091 1125 notum
1113 1081 1192 1124 sibi
1223 1081 1315 1127 fieri
1337 1097 1567 1126 numerum
1588 1082 1682 1126 die-

311 1163 409 1192 rum
428 1150 499 1207 qui
522 1146 607 1200 est,
633 1159 681 1193 ut
697 1150 802 1194 sciat
818 1151 922 1208 quid
943 1151 1051 1194 desit
1071 1152 1162 1195 sibi.
1190 1152 1257 1195 Ad
1278 1152 1583 1210 perfectionem
1602 1153 1683 1196 uti-

308 1234 398 1277 que
421 1221 523 1277 quid
547 1221 677 1270 desit,
703 1237 788 1263 non
807 1222 860 1263 ad
875 1221 994 1264 istius
1018 1222 1207 1280 corporis
1225 1222 1376 1273 vitam,
1403 1223 1455 1266 de
1475 1238 1560 1281 quo
1579 1232 1682 1282 pro-

306 1289 441 1348 pheta
475 1290 610 1334 David
641 1291 841 1349 cupiebat
870 1290 1032 1334 absolvi
1064 1291 1210 1334 dicens
1240 1306 1251 1333 ε
1289 1308 1306 1331 α
1330 1292 1425 1335 Heu
1450 1293 1546 1335 me!
1583 1292 1682 1351 quia

308 1359 550 1402 »incolatus
571 1375 692 1403 meus
708 1359 983 1419 prolongatus
1000 1370 1086 1411 est,
1105 1369 1147 1403 et
1164 1361 1351 1404 habitavi
1372 1377 1472 1405 cum
1489 1361 1683 1406 habitan-

308 1429 457 1473 »tibus
491 1430 666 1489 Cedar¹.
697 1450 713 1472 n
743 1432 936 1489 Denique
965 1432 1131 1474 dierum
1164 1439 1393 1478 numerum
1424 1446 1682 1490 cognoscere

311 1501 505 1550 volebat,
520 1516 605 1544 non
623 1501 751 1544 ctiam
772 1501 977 1544 noctium.
999 1501 1078 1544 Hic
1095 1501 1210 1543 enim
1227 1501 1316 1543 dies
1332 1508 1375 1544 et
1391 1510 1539 1545 noctes
1555 1510 1679 1546 sunt:

313 1568 375 1612 ibi
390 1585 490 1612 vero
508 1571 596 1613 dies
619 1571 721 1621 soli,
745 1571 803 1613 ibi
824 1573 971 1614 lumen
994 1579 1248 1630 perpetuum
1270 1580 1395 1629 atque
1412 1572 1676 1615 diuturnum.

312 1639 366 1682 Et
378 1640 474 1683 ideo
487 1641 672 1684 addidit:
690 1641 801 1694 «Qui
812 1651 891 1701 est,
903 1642 1057 1700 inquit,
1071 1656 1156 1684 non
1174 1642 1454 1699 qui‘transeat.
1483 1636 1681 1686 ›scoelum

313 1712 427 1754 enim
453 1720 497 1755 et
518 1721 631 1756 terra
657 1713 956 1772 praeteribunt,
982 1712 1087 1756 fides
1111 1721 1252 1756 autem
1269 1721 1512 1772 permanet,
1534 1715 1681 1759 et'dies

310 1782 496 1832 Christi3
520 1783 619 1841 quia
644 1783 736 1826 heri
765 1791 808 1826 et
838 1784 967 1826 hodie
995 1784 1084 1842 ipse
1104 1793 1188 1833 est,
1214 1785 1321 1829 etin
1342 1787 1508 1829 saecula.
1539 1786 1682 1841 Quem

310 1862 454 1897 autem
472 1869 700 1897 numerum
717 1862 904 1910 quaerat,
924 1854 1083 1912 accipe.
1106 1871 1122 1893 «
1136 1855 1184 1896 In
1202 1856 1330 1897 domo
1342 1888 1354 1904 ,
1369 1855 1529 1913 inquit,
1547 1855 1681 1899 Patris

308 1942 327 1962 ο
341 1925 426 1967 mei
447 1912 688 1968 mansiones
705 1926 850 1967 multae
873 1923 1012 1966 sunt2.
1035 1941 1051 1964 »
1072 1924 1152 1967 Dat
1165 1930 1266 1983 erg'o
1283 1925 1515 1983 unicuique
1536 1926 1680 1970 locum

309 1994 517 2038 Dominus
535 1995 658 2038 Jesus
672 2028 683 2046 ‚
708 1996 791 2038 hoc
808 2003 896 2044 est,
917 2003 1057 2053 aptam
1076 2011 1152 2053 pro
1170 1995 1505 2054 uniuscujusque
1521 1997 1681 2041 meritis
1700 2010 1709 2017 ··

308 2066 590 2109 mansionem.
627 2067 922 2124 Unusquisque
948 2066 1063 2108 enim
1094 2066 1138 2108 in
1169 2082 1244 2109 suo
1270 2067 1431 2110 ordine.
1463 2067 1683 2112 Praece'ssit

311 2152 414 2195 ergo
430 2169 441 2188 ‚
462 2146 511 2180 ut
528 2146 699 2196 pararet-
718 2138 760 2180 in
780 2153 825 2180 se
851 2138 1123 2180 credentibus
1147 2139 1304 2182 locum.
1335 2139 1455 2182 Unde
1483 2139 1612 2183 etiam
1638 2148 1682 2185 et

307 2207 447 2252 dixit:
464 2226 480 2248 α
493 2207 537 2251 Si
555 2206 722 2258 abiero,
742 2216 784 2251 et
805 2220 1010 2266 paravero
1031 2208 1150 2252 vobis
1176 2210 1321 2252 locum
1336 2242 1350 2259 ,
1373 2208 1531 2254 iterum
1551 2211 1683 2255 venio*

308 2296 329 2320 w
344 2280 397 2322 ad
414 2294 512 2330 vos,
537 2288 580 2322 et
602 2294 818 2323 accersam
842 2294 917 2323 vos
939 2281 991 2323 ad
1012 2295 1082 2323 me
1103 2280 1267 2338 ipsum3
1290 2280 1366 2323 ubi
1387 2296 1465 2340 ego
1488 2290 1582 2325 sum
1598 2315 1611 2333 ,
1638 2290 1682 2327 et

311 2367 329 2391 a
341 2365 415 2394 vos
437 2351 525 2393 sitis
545 2365 555 2393 :
579 2359 622 2394 et
637 2365 721 2408 quo
743 2353 850 2394 vado
867 2351 998 2402 scitis,
1017 2359 1060 2394 et
1075 2351 1185 2394 viam
1201 2351 1316 2394 scitis
1328 2350 1358 2395 ⁴.
1373 2369 1390 2391 ν
1403 2352 1477 2395 Est
1492 2364 1592 2411 ergo
1612 2353 1681 2397 via

310 2435 389 2479 per
410 2435 788 2479 quam-resurgens
813 2417 1006 2465 Christus
1027 2422 1230 2466 ascendit.
1253 2422 1306 2465 Et
1327 2421 1397 2465 ille
1418 2416 1683 2482 quideifissas-
1727 2418 1734 2421 ⁷

308 2490 457 2534 cendit
488 2506 615 2550 super
643 2506 790 2535 omnes
807 2490 937 2535 coelos
958 2494 1012 2535 ad
1026 2492 1104 2536 Dei
1127 2493 1296 2541 sedem3
1319 2492 1681 2541 homines'autem

313 2574 338 2603 a
366 2561 504 2619 primo
536 2564 644 2605 coelo
684 2564 737 2606 ad
771 2564 1029 2613 secundum,
1069 2571 1111 2606 et
1147 2562 1346 2621 deinceps
1371 2566 1606 2613 afsecundo
1620 2565 1681 2610 ad

357 2662 369 2678 ι
388 2665 404 2686 2
419 2656 494 2689 Cor.
524 2641 616 2695 nyss
629 2673 670 2680 —-
685 2664 697 2680 ¹
717 2655 799 2689 Psai.
814 2665 903 2696 cxix,
921 2656 953 2688 5.
977 2672 1004 2680 -
1024 2656 1038 2680 ³
1056 2655 1151 2688 Joan.
1168 2666 1238 2695 xiv,
1259 2666 1289 2688 2.
1302 2673 1343 2679 —
1361 2657 1375 2684 ⁴
1394 2652 1484 2689 rbid.
1503 2645 1588 2695 5,ᾈὶ
