1794 3256
351 325 438 370 272
904 321 937 350 s.
974 318 1168 350 aunnosn

351 401 473 446 tum?
494 402 548 446 Et
566 400 661 444 ideo
678 400 757 444 tihi
785 399 889 443 dicit
913 414 958 442 ια
984 398 1103 448 Veni,
1130 411 1306 456 sequere
1330 396 1422 441 me¹
1441 414 1453 448 3
1472 415 1488 439 >³
1510 398 1594 461 hoe
1621 407 1711 450 est,

346 481 399 516 ιιιι
419 473 473 516 ad
483 470 895 515 consummationem
910 468 1117 512 virtutum
1132 467 1352 527 pervenire
1368 468 1583 512 merearis.
1605 468 1716 529 Ergo

351 544 424 602 qui
446 542 636 601 sequitur
659 538 874 584 Christum
898 572 910 589 ,
940 539 1079 598 ipsum
1098 554 1176 598 pro
1197 538 1472 598 possibilitate
1494 554 1568 583 sua
1590 540 1718 584 debet

344 613 508 657 imitari
531 630 544 663 3
566 620 615 655 ut
638 618 848 671 praecepta
869 609 962 668 ejus
991 623 1138 654 secum
1164 609 1254 669 ipse
1274 611 1526 662 meditetur,
1548 618 1592 655 et
1616 610 1720 655 divi-

346 699 507 727 norum
528 683 720 741 exempla
745 682 969 726 factorum.

412 754 464 796 ΙΙ.
502 754 556 796 Et
575 753 671 796 ideo
687 751 822 795 David
843 766 990 796 secum
1011 750 1102 809 ipse
1117 751 1419 802 meditabatur,
1438 752 1556 810 quod
1578 750 1719 795 Chris-

351 834 445 869 tum
466 825 509 868 in
531 840 576 868 se
596 825 790 867 locutum
811 839 902 868 esse
927 822 1137 866 retinebat
1145 839 1157 873 ς
1185 830 1233 866 ut
1253 837 1353 870 cum
1375 818 1503 882 aliqui
1520 822 1560 866 ei
1581 831 1720 869 essent

349 895 545 945 molesti,
579 903 622 938 et
645 908 745 938 eum
772 894 825 937 ad
851 893 1169 937 contentionem
1198 894 1406 954 lacessere
1432 900 1719 942 conarentur,

348 967 600 1025 patientiam
617 966 831 1016 indueret,
856 965 1048 1008 certandi
1070 964 1210 1007 studia
1231 965 1479 1015 declinaret,
1497 980 1550 1008 ex
1565 964 1720 1022 quibus

346 1036 488 1078 'inanis
529 1037 803 1094 strepitusct
839 1035 979 1095 jurgia
1012 1035 1257 1093 frequenter
1291 1034 1499 1078 oriuntur.
1532 1034 1722 1092 Ideoque

354 1121 454 1149 cum
475 1114 621 1148 sancto
641 1106 775 1149 David
797 1106 990 1164 plerique
1011 1105 1104 1164 ejus
1125 1105 1353 1149 virtutibus
1370 1105 1629 1156 invidentes,
1648 1103 1723 1163 qui

351 1191 451 1218 eum
481 1177 533 1218 de
566 1176 780 1234 proposito
809 1176 1175 1226 mansuetudinis,
1209 1183 1251 1218 et
1282 1175 1534 1219 humilitatis
1565 1168 1723 1218 affectu

348 1247 574 1289 crederent
597 1247 888 1290 diducendum
904 1279 916 1297 ‚
939 1245 1183 1303 frequenter
1210 1245 1486 1303 ingruerent:
1507 1245 1596 1304 ipse
1613 1257 1721 1302 quo-

346 1331 431 1373 que
461 1317 675 1375 praecipue
696 1316 894 1375 nequitiae
930 1316 1136 1374 spiritales
1159 1315 1203 1358 in
1231 1315 1496 1365 coelestibus,
1522 1315 1720 1358 adversus

342 1401 453 1443 *quas
488 1401 613 1445 grave
643 1388 859 1430 luctamen
883 1394 947 1428 est
976 1385 1120 1443 justis,
1149 1386 1202 1426 ad
1234 1386 1591 1429 commovendum
1619 1399 1720 1429 eum

343 1455 563 1499 ministros
591 1470 675 1498 suae
697 1455 979 1513 improbitatis
1007 1454 1277 1512 impellerent
1297 1469 1309 1502 3
1335 1467 1390 1495 ne
1416 1453 1528 1496 inter
1552 1454 1720 1498 obstre-

350 1523 543 1581 pentium
573 1524 723 1566 crebra
752 1523 1014 1573 certamina,
1048 1530 1091 1566 et
1123 1522 1480 1581 disceptationum
1511 1525 1720 1569 tumultus

353 1608 492 1637 sermo
519 1593 667 1651 aliquis
697 1592 777 1636 sibi
815 1593 1060 1637 offensionis
1093 1594 1338 1644 excideret,
1370 1602 1515 1637 tacere
1547 1602 1719 1639 sanctus
1791 1606 1794 1608 “

356 1662 570 1722 Propheta
602 1664 835 1723 proposuit.
889 1664 927 1708 O
959 1663 1147 1708 validum
1185 1673 1356 1708 scutum
1394 1664 1716 1725 circumspectae

344 1734 593 1778 munitionis
616 1734 857 1779 silentium!
882 1734 920 1778 O
934 1733 1188 1777 fidissimum
1211 1734 1448 1778 stabilitatis
1463 1734 1717 1778 fundamen·

347 1813 458 1856 tum,
481 1805 524 1848 in
547 1818 632 1863 quo
651 1804 687 1848 'si
708 1805 802 1863 quis
828 1804 1013 1864 potuerit
1037 1813 1163 1855 stare,
1188 1804 1404 1848 lubricum
1420 1805 1540 1849 verbi
1565 1804 1717 1849 timere

347 1891 434 1919 non
455 1875 611 1933 possiti
631 1876 753 1919 Multi
773 1875 887 1917 enim
902 1876 1030 1917 etiam
1047 1874 1186 1917 stabili
1208 1875 1337 1917 corde
1359 1867 1534 1924 firmati,
1553 1871 1716 1919 incauti

342 1953 511 1994 tamen,
535 1944 741 1987 sermonis
766 1943 1014 1987 fluctuantis
1036 1958 1180 1987 errore
1205 1959 1314 2003 saepe
1345 1944 1614 1992 ceciderunt.v
1636 1937 1733 1989 Vi-⁴¹

342 2013 447 2057 dens
485 2013 612 2071 igitur
647 2012 895 2070 hujusmodi
930 2013 1092 2056 insidiis
1115 2020 1179 2056 'et
1215 2028 1324 2056 vano
1368 2004 1711 2063 concertantium
1730 2016 1731 2019 ’

344 2083 523 2142 strepitu
543 2098 587 2125 se
606 2083 817 2141 Propheta
840 2082 1013 2132 tentari,
1038 2083 1147 2125 intra
1169 2098 1214 2126 se
1235 2083 1323 2142 ipse
1345 2076 1498 2128 tacitus
1523 2075 1730 2129 confere-⁴

340 2153 431 2204 bat,
454 2154 591 2213 legem
613 2152 693 2195 sibi
718 2150 1016 2195 taciturnitatis
1037 2150 1259 2209 imponens
1284 2166 1294 2194 ε
1317 2158 1362 2195 et
1389 2163 1488 2196 cum
1509 2159 1670 2198 taceret
1693 2186 1706 2205 ,

339 2223 641 2268 insultantibus
663 2222 758 2274 sibi,
774 2230 816 2266 et
841 2231 889 2266 ut
909 2223 1157 2280 loqueretur
1172 2216 1331 2281 aliquid
1340 2218 1677 2282 >provocantibus
1691 2242 1704 2276 ς
1720 2233 1724 2240 ⁴

337 2293 479 2356 qualia
494 2294 630 2338 solent
647 2293 919 2337 insolentium
943 2308 1034 2338 esse
1055 2293 1287 2340 certamina
1312 2301 1438 2352 atque
1459 2295 1701 2346 sermones}

333 2363 563 2423 Responde
584 2363 730 2414 nobis,
757 2364 790 2407 si
818 2365 870 2407 de
894 2355 1134 2422 aequalitate
1161 2364 1381 2423 praesumis
1407 2379 1417 2408 ε
1441 2358 1558 2409 vide's
1582 2373 1625 2409 et
1653 2360 1723 2410 ω’

330 2441 429 2480 esse
449 2443 491 2479 te
511 2435 688 2486 vietum,
712 2443 756 2481 et
769 2435 875 2478 nihil
887 2435 1049 2479 habere
1063 2437 1178 2494 quod
1194 2434 1374 2487 referas3
1393 2449 1492 2480 cum
1509 2451 1554 2480 se
1567 2450 1701 2496 prope

333 2507 393 2550 vad
411 2521 559 2550 vocem
578 2506 778 2550 conviciis
799 2507 962 2552 videret
983 2507 1170 2571 impelli,
1193 2523 1238 2553 se
1260 2507 1348 2570 ipse
1369 2508 1626 2560 revocabat,
1649 2513 1700 2551 ut

333 2576 582 2635 loqueretur
601 2577 644 2620 in
666 2579 808 2631 corde.
1652 2574 1653 2580 ἵ

375 2676 391 2718 ᾗ
412 2670 531 2722 Manli.
547 2682 617 2714 xix,
636 2683 691 2722 21.¹
