1794 3256
345 324 439 381 488
859 337 1195 372 ANN01·AT10m·:s.

700 506 946 540 Annon-1¹10
983 491 1076 550 (11)
1111 504 1206 551 pag.
1248 504 1348 534 102.

401 645 440 688 T
441 660 569 688 encre,
589 643 749 704 gastim
780 642 840 686 ibi
859 639 1201 685 subaudiendum
1230 640 1511 691 memoriter,
1526 639 1583 684 >id
1609 647 1673 683 est
1693 672 1705 689 ,

331 716 463 766 scire,
502 724 549 759 ut
581 722 831 774 opponatur
867 712 1060 771 sequenti
1089 711 1313 763 membro,
1346 710 1462 756 Itane
1492 709 1732 755 meditari'
1774 725 1784 737 ²

341 786 356 844 (
378 786 461 831 hoc
488 794 575 838 est,
599 785 780 840 discere,
839 782 1003 846 gaudet
1022 782 1240 841 infantia.

628 980 632 983 .
701 940 950 972 ΔΝΝοΤΑΤῙο
984 924 1079 985 (12)
1112 940 1206 985 pag.
1251 927 1348 978 104.

390 1075 600 1120 Asconius
621 1075 805 1120 Paediam
837 1076 882 1119 in
905 1075 1000 1119 Act.
1038 1091 1100 1119 111,
1133 1075 1224 1119 Cic.
1259 1075 1304 1118 in
1333 1074 1511 1120 Verrem
1533 1072 1639 1132 quid
1661 1073 1715 1116 sit
1758 1119 1760 1121 ,

331 1147 452 1191 intas
468 1162 630 1190 canere
643 1180 654 1198 ‚
678 1146 867 1206 exponit,
888 1148 1101 1204 docetque
1121 1146 1236 1189 idem
1253 1160 1345 1189 esse
1364 1160 1413 1193 ac
1429 1145 1519 1189 sola
1540 1143 1713 1186 sinistra

331 1215 437 1260 fides
454 1232 645 1276 carpere,
674 1216 731 1260 ita
753 1224 801 1259 ut
820 1231 949 1260 sonus
965 1225 1134 1260 tantum
1150 1216 1202 1259 ad
1228 1215 1446 1275 proximos
1463 1213 1683 1273 perveniat
1698 1229 1711 1263 3

333 1302 433 1331 cum
454 1287 789 1331 citharoedorum
813 1280 1184 1345 vulgus'dextram
1206 1287 1260 1330 ad
1281 1287 1452 1330 easdem
1473 1284 1579 1328 fides
1601 1285 1716 1343 plec-

333 1367 399 1401 tro
419 1356 728 1418 percutiendas
752 1357 954 1401 adhibeat
975 1372 985 1398 τ
1010 1356 1274 1415 Aspendium
1291 1364 1434 1399 autem
1451 1354 1715 1399 citharistam

334 1428 415 1471 hac
444 1428 488 1471 in
511 1435 601 1471 arte
615 1428 888 1472 excelluisse.
917 1427 1049 1471 Porro
1069 1426 1292 1486 Aspendus
1324 1426 1541 1485 Stephano
1568 1424 1714 1469 civitas

336 1507 401 1543 cst
421 1498 464 1542 in
484 1498 733 1557 Pamphilia.

768 1634 1016 1665 ΛΝΝοΤΑΤιο
1056 1620 1150 1678 (13)
1180 1619 1285 1663 ibid.

398 1770 606 1813 observat
620 1768 767 1813 Justus
781 1769 948 1828 Lipsius
968 1769 1040 1812 nb.
1060 1755 1099 1812 vg
1117 1768 1170 1810 de
1183 1766 1488 1812 Riceteavnom.
1509 1764 1616 1808 nial.
1641 1768 1706 1808 ιθ.

342 1841 525 1900 amplius
542 1841 744 1884 trecentis
768 1840 887 1884 annis
913 1840 957 1884 in
977 1841 1081 1899 Rep.
1108 1840 1232 1884 Rom.
1259 1838 1414 1882 milites
1431 1836 1515 1880 suis
1538 1835 1712 1895 sumpti-

342 1912 422 1955 bus
448 1911 538 1955 sine
568 1911 742 1970 publico
769 1911 978 1970 stipendio
1013 1910 1229 1954 militasse.
1262 1909 1421 1953 Verum
1446 1904 1592 1966 pestea
1624 1921 1711 1949 non

341 1982 547 2041 stipendia
581 1983 740 2033 solum,
772 1983 847 2025 sed
867 1990 910 2025 et
934 1981 1044 2025 varia
1071 1981 1344 2040 praemiorum
1375 1994 1531 2037 genera
1560 1992 1709 2020 eorum

344 2055 546 2097 acuendae
567 2052 712 2096 virtuti
740 2052 955 2111 proposita
984 2061 1094 2095 sunt.
1126 2052 1174 2093 In
1200 2051 1265 2094 his
1302 2050 1381 2093 suit
1403 2049 1706 2098 Donativum,

340 2124 385 2167 id
399 2134 463 2166 est
476 2156 488 2174 ‚
513 2123 780 2182 imperatoris
799 2138 955 2166 munus
978 2124 1093 2181 quod
1114 2121 1319 2164 militibus
1335 2119 1513 2170 viritim,
1538 2118 1647 2161 sicut
1667 2126 1710 2161 et

342 2196 504 2240 civibus
527 2194 791 2255 congiarium
816 2194 1095 2238 dividebatur.
1123 2193 1316 2251 Fuerunt
1332 2191 1458 2235 etiam
1473 2189 1709 2249 promotio·

341 2284 434 2319 nes,
461 2283 561 2311 cum
574 2267 667 2325 quis
683 2266 850 2310 virtutis
873 2281 1002 2310 causa·
1022 2268 1074 2309 ad
1096 2265 1304 2324 majorem
1327 2264 1505 2323 gradum
1527 2276 1708 2305 assume-

340 2340 480 2383 batur.
508 2338 618 2382 Hinc
633 2338 830 2382 Lucanus
855 2339 908 2381 de
930 2338 1074 2382 Scaeva
1098 2335 1286 2379 Caesariis
1304 2334 1437 2380 milite
1457 2349 1466 2375 :

970 2409 1034 2451 ibi
1050 2409 1269 2467 sanguine
1288 2405 1428 2448 multo

551 2481 786 2525 Promotus
805 2480 963 2524 latiam
981 2481 1109 2539 longo
1124 2479 1238 2539 gerit
1260 2478 1417 2521 ordine
1433 2478 1587 2520 vitem.

340 2554 469 2613 Apud
492 2553 664 2597 Graecos
689 2568 859 2611 quoque
889 2563 1072 2612 προμῶτος
1098 2550 1341 2600 dicebatur,
1367 2548 1514 2607 quiea
1545 2545 1707 2590 ratione

340 2627 392 2668 ad
408 2625 635 2668 militarem
654 2624 900 2683 dignitatem
922 2623 1067 2666 fuisset
1088 2629 1324 2680 coaptatus,
1344 2628 1391 2662 ut
1409 2619 1520 2662 idem
1540 2615 1706 2676 Lipsius

336 2695 558 2743 traditlib.
586 2712 632 2741 11.
666 2695 772 2742 Dial.
803 2697 842 2739 8.
876 2693 962 2739 Sed
987 2701 1029 2737 et
1063 2693 1147 2738 hoc
1172 2691 1261 2752 ipso
1291 2690 1362 2737 lib.
1398 2689 1503 2735 Dial.
1539 2690 1581 2741 4.
1617 2687 1705 2747 jam
