1794 3256
308 318 394 375 396
857 334 888 361 s.
929 333 1120 363 amnuosu

306 408 412 451 chus
445 423 489 450 ια
509 408 615 452 Tota
642 409 709 452 die
725 442 736 459 ,
761 409 922 467 inquit,
947 410 1138 454 confusio
1165 427 1260 455 mea
1282 422 1428 457 contra
1455 429 1525 458 me
1545 422 1619 459 est.
1642 433 1662 456 ι

306 498 323 520 ιο
337 480 443 532 Quae
480 488 621 523 autem
661 481 852 523 confusio
887 481 1069 531 Christi,
1105 483 1186 526 nisi
1216 499 1321 527 crux
1338 501 1351 533 ;
1382 487 1497 543 quod
1533 489 1674 532 nudus

306 552 508 611 pependit
530 552 574 595 in
594 553 675 595 ea?
697 554 749 595 Et
770 554 878 595 bene
895 586 906 601 ,
933 572 949 593 «ι
973 555 1079 598 Tota
1095 555 1187 606 die;
1208 556 1336 614 »quia
1351 573 1404 600 ex
1420 573 1504 615 quo
1526 557 1675 604 affixus

304 630 367 664 est
400 623 546 672 cruci,
578 638 712 681 usque
746 623 788 665 in
818 624 970 667 horam
1007 640 1163 668 nonam
1199 628 1384 670 tenebrae
1400 628 1522 671 sactae
1539 637 1671 673 sunt:

307 700 460 751 etpost
479 694 629 738 horam
646 709 803 737 nonam
819 695 892 737 lux
913 695 1076 752 refulsit
1092 713 1226 755 usque
1253 699 1296 740 in
1311 714 1534 757 vesperum
1561 701 1670 759 (57).

306 764 385 806 Hic
407 764 495 807 dies
525 780 576 808 ex
597 765 732 808 tribus
763 766 936 824 primus·
971 767 1114 811 Potest
1143 777 1285 812 tamen
1307 777 1350 813 et
1370 770 1527 814 chorus
1547 771 1676 816 Sanc-

307 843 446 878 torum
467 836 687 894 pluraliter
710 839 763 880 de
784 853 828 880 se
842 871 853 887 ,
876 846 920 881 et
936 839 1203 898 singulariter
1223 841 1366 900 loqui;
1386 843 1541 886 chorus
1561 843 1675 888 enim
1707 854 1710 856 ’

309 905 427 961 quasi
466 906 721 965 singularem
746 923 972 966 personam
1012 910 1170 961 habet,
1206 913 1281 955 sed
1311 928 1512 956 numerus
1542 914 1678 972 pluri-

308 990 477 1018 morum
505 985 568 1019 est
580 993 592 1026 3
617 977 727 1020 sicut
746 978 852 1021 illud
871 986 933 1021 est
958 996 968 1020 z
986 996 1002 1019 α
1021 979 1205 1039 Populus
1226 982 1296 1025 hic
1319 982 1441 1026 labiis
1455 998 1527 1026 me
1547 984 1679 1028 hono-

309 1063 326 1086 n
340 1054 427 1096 rat,
453 1062 527 1090 cor
547 1056 688 1091 autem
715 1064 864 1093 eorum
889 1052 1014 1109 longe
1035 1060 1098 1095 est
1114 1067 1136 1095 a
1152 1068 1221 1096 me
1236 1052 1268 1096 ¹.
1291 1072 1309 1093 ι

366 1115 501 1160 LXX.
531 1118 636 1170 Quae
657 1127 799 1162 autem
821 1129 884 1163 est
901 1120 1091 1164 confusio
1108 1155 1119 1171 ,
1143 1138 1236 1180 quae
1256 1124 1426 1182 operuit
1447 1123 1679 1170 Dominum

308 1186 454 1230 Jesum
470 1221 481 1238 ,
506 1203 605 1232 cum
622 1177 915 1233 confusionem
935 1200 1111 1249 peccata
1131 1193 1312 1244 faciant3
1337 1195 1425 1253 ipsa
1447 1203 1545 1238 sunt
1564 1195 1679 1240 enim

310 1274 403 1315 quse
426 1261 625 1318 operiunt
655 1269 925 1320 peccatorem
952 1277 961 1305 :
992 1263 1063 1306 hic
1084 1272 1226 1307 autem
1257 1274 1485 1324 peccatum
1508 1282 1595 1310 non
1616 1268 1680 1311 fe-

312 1331 449 1373 eerit?
476 1330 561 1374 Sed
590 1334 955 1390 quemadmodum
981 1342 1045 1377 est
1070 1336 1262 1379 confusio
1296 1339 1510 1381 adducens
1530 1354 1681 1398 pecca-

311 1407 426 1453 tum,
458 1401 515 1444 ita
541 1410 606 1445 est
629 1403 822 1445 confusio
854 1419 947 1461 quae
975 1414 1201 1463 peccatum
1225 1406 1389 1457 abolet3
1413 1415 1462 1450 ut
1488 1407 1680 1452 confusio

311 1471 451 1514 crucis
481 1472 651 1515 Domini
667 1473 800 1523 nostri
818 1473 843 1516 J
847 1489 922 1517 esu
933 1474 1090 1518 Christi
1102 1509 1114 1526 ,
1133 1492 1210 1534 per
1219 1491 1346 1534 quam
1361 1485 1534 1535 peccata
1552 1493 1681 1521 mun-

311 1540 476 1583 dantur.
500 1541 574 1584 Est
593 1543 721 1585 etiam
743 1545 880 1587 omnis
907 1545 1098 1588 confusio
1119 1547 1253 1596 hona,
1280 1562 1409 1605 quam
1425 1562 1503 1606 pro
1523 1548 1679 1593 Christi

308 1612 481 1655 nornine
504 1614 675 1664 subeas,
694 1622 737 1657 et
754 1616 986 1659 admodum
1006 1618 1212 1675 gloriosa;
1238 1618 1294 1668 si,
1316 1619 1434 1662 verbi
1458 1621 1609 1678 gratia,
1636 1621 1679 1664 in

309 1685 604 1740 persecutione
624 1688 692 1729 lex
718 1687 793 1737 sit,
817 1695 866 1730 ut
886 1690 1134 1732 verberetur
1157 1689 1420 1738 Christianus
1435 1723 1446 1741 ,
1471 1700 1521 1736 ut
1540 1692 1681 1751 digni-

310 1762 438 1797 tatem
471 1756 659 1808 amittat,
700 1767 746 1801 ut
777 1748 923 1802 careat'
946 1760 1191 1819 privilegi0‚
1233 1770 1281 1804 ut
1309 1761 1353 1803 in
1385 1762 1553 1806 vincula
1597 1764 1680 1806 du-

308 1834 430 1868 catur
445 1826 554 1887 (58).
576 1829 675 1872 Haec
697 1830 845 1887 utique
862 1831 1054 1874 confusio
1071 1832 1149 1875 etsi
1164 1832 1434 1892 privilegium
1450 1849 1537 1878 non
1550 1834 1680 1878 habet

308 1895 437 1938 habet
457 1899 633 1954 gloriam
655 1900 734 1957 piae
762 1901 1049 1944 confessionis.
1076 1903 1149 1944 Est
1171 1911 1312 1945 autem
1334 1912 1378 1946 et
1396 1903 1553 1948 Christi
1572 1920 1679 1948 con-

309 1966 417 2009 fusio
432 2000 444 2018 ‚
468 1969 577 2011 sicut
594 1970 682 2028 ipse
695 1970 751 2013 ait
771 1987 781 2013 :
798 1989 813 2010 «
833 1972 917 2024 Qui
933 1987 1003 2014 me
1027 1973 1228 2016 confusus
1245 1974 1372 2017 fuerit
1385 1989 1529 2018 coram
1547 1976 1680 2020 homi-

309 2038 489 2088 »nibus,
516 2040 774 2083 confundam
797 2050 839 2084 et
855 2058 932 2100 ego
945 2058 1041 2087 cum
1066 2058 1210 2086 coram
1230 2044 1355 2087 Patre
1375 2059 1504 2096 meo,
1534 2046 1606 2103 qui
1633 2046 1680 2091 in

310 2126 325 2148 »
341 2109 456 2152 coelis
472 2119 537 2153 est
552 2110 581 2153 ².
605 2112 753 2155 »Bona
772 2129 818 2155 ei
819 2129 886 2171 go
879 2075 1099 2157 ἶ3(;οῐιί“ι]5ἰο.
1122 2115 1338 2173 Plerisque
1369 2125 1511 2160 tamen
1534 2117 1679 2176 hujus-

308 2180 425 2222 modi
438 2182 628 2224 confusio
648 2183 804 2227 Chmsn
815 2200 955 2227 amara
972 2194 1057 2235 est3
1078 2186 1159 2229 hoc
1172 2194 1256 2236 est,
1276 2202 1363 2230 non
1379 2189 1675 2242 credentibus:

308 2251 499 2308 jucunda
521 2255 807 2299 credentibus.

366 2323 522 2367 LXXI.
555 2324 651 2368 Sive
671 2342 772 2384 ergo
800 2327 919 2376 velis,
941 2328 1234 2373 confusionem
1257 2330 1413 2374 Christi
1427 2332 1616 2391 intellige
1635 2333 1679 2376 in

309 2410 482 2437 crucem
498 2396 591 2453 ejus
606 2431 617 2447 ‚
643 2413 735 2455 quae
754 2398 780 2441 J
784 2399 913 2442 udaeis
929 2400 1152 2443 videbatur
1171 2417 1263 2445 esse
1285 2402 1477 2446 confusio
1490 2437 1502 2453 ,
1520 2405 1597 2461 qui
1618 2405 1681 2448 in·

309 2467 522 2511 saltabant
543 2469 603 2519 ei;
637 2470 754 2526 quasi
787 2471 1060 2514 erubesceret
1089 2472 1280 2516 Christus
1301 2474 1345 2517 in
1376 2490 1427 2518 eo
1452 2490 1606 2534 opere,
1635 2477 1678 2520 in

309 2553 393 2595 quo
416 2539 629 2597 publicam
649 2542 905 2599 operabatur
922 2544 1102 2588 salutem
1129 2561 1140 2586 ε
1161 2545 1245 2588 sive
1258 2546 1385 2589 etiam
1402 2546 1514 2592 hanc
1532 2548 1679 2592 consur

310 2608 470 2665 sionem
492 2642 502 2659 ,
528 2625 620 2669 quae
652 2611 783 2676 ingeri
809 2613 1054 2665 videbatur,
1078 2632 1095 2655 «
1118 2614 1152 2662 A
1181 2630 1286 2668 voce
1304 2617 1607 2685 ‚exprobrantis
1635 2627 1678 2669 et

351 2703 361 2732 ἓ
383 2700 457 2739 lsai·
479 2711 566 2742 xxix,
590 2702 639 2741 ιδ,
666 2710 729 2729 -·
750 2703 917 2743 Manum
933 2704 988 2742 35,
