1794 3256
343 308 431 372 2156
896 334 926 364 s.
966 335 1157 365 Amssnosu

342 426 364 457 n,
374 417 458 454 tres
487 408 622 455 mei&
649 429 666 452 »
687 411 936 457 ¹Luxuriosis
966 415 1118 456 domus
1141 417 1486 474 sepulcrum-est.
1514 414 1713 478 Denique

340 479 543 538 tanquam
566 479 608 524 in
629 483 823 540 sepulcro
843 482 1005 534 vivunt,
1030 484 1103 542 qui
1118 494 1295 543 possunt
1317 488 1461 532 dicere
1479 503 1489 531 ε
1505 506 1521 528 α
1535 490 1710 534 Mandu-

341 565 519 610 »ncemus
539 560 582 594 et
601 552 821 602 bibamus3
845 562 937 595 cras
958 553 1073 598 enim
1092 555 1373 614 moriemur',
1398 559 1706 611 »resurreetio-

341 636 442 665 nem
458 629 555 664 ante
575 623 720 665 oculos
741 638 827 666 non
844 622 1060 668 habentes.
1087 626 1275 685 Ideoque
1294 630 1469 673 tumulis
1491 630 1577 673 suis
1594 629 1710 675 affixi

344 700 471 749 atque
493 693 732 736 attumulati
754 694 970 738 adhaerent
984 727 996 745 ,
1024 696 1121 754 quia
1145 699 1388 743 resuscitari
1411 717 1455 744 se
1478 716 1604 760 posse
1621 692 1711 746 non

343 763 630 807 crediderunt.
662 764 964 809 Habitaculum
997 782 1097 826 ergo
1122 768 1202 812 illis
1225 769 1269 812 in
1291 785 1368 815 suo
1395 772 1522 816 busto
1547 774 1638 824 est}
1667 781 1714 817 et

342 832 667 877 tabernaculum
698 849 846 879 eorum
870 836 913 879 in
939 838 1140 896 progenie
1164 847 1207 882 et
1238 842 1510 899 generatione
1541 851 1711 888 terrena
1754 877 1765 883 -

340 911 404 946 est
410 921 423 953 ς
443 904 515 962 qui
530 919 692 948 vermes
708 906 773 949 sui
783 907 973 965 corporis
985 908 1175 953 haeredes
1188 911 1436 969 relinquunt
1449 929 1462 963 ς
1478 913 1611 957 uthie
1622 922 1715 957 tan·-

340 983 434 1018 tum
452 974 505 1018 sit
520 976 725 1033 memoria
743 992 911 1028 eorum,
925 987 969 1022 et
985 978 1028 1022 in
1045 988 1253 1027 aeternum
1267 982 1448 1026 transire
1467 984 1718 1042 non‘possih

403 1044 528 1089 XIX.
575 1062 592 1085 α
611 1046 805 1105 Denique
833 1048 1006 1092 nomina
1034 1065 1185 1093 eorum
1215 1051 1259 1093 in
1288 1052 1412 1095 terris
1438 1053 1662 1111 ipsorum}
1685 1071 1703 1094 a

345 1116 444 1173 quia
474 1131 602 1174 opera
641 1132 790 1160 eorum
821 1120 1113 1178 corruptibilia
1153 1129 1280 1179 atque
1310 1131 1495 1166 terrena.
1514 1124 1584 1167 Ἰ·ΕΙ;
1616 1124 1716 1168 ideo

341 1185 406 1229 ibi
443 1187 690 1230 scribuntur
722 1203 872 1232 eorum
911 1191 1084 1234 nomina
1102 1224 1114 1241 ‚
1160 1192 1236 1235 ubi
1273 1193 1418 1239 vivere:
1449 1191 1710 1241 maluerunt.

347 1257 433 1310 Qui
463 1266 605 1301 autem
635 1261 908 1304 elevaverunt
934 1277 1065 1320 opera
1096 1278 1198 1312 sua,
1228 1263 1278 1306 iis
1311 1264 1500 1308 dicitur:
1535 1282 1552 1305 α
1576 1265 1718 1310 Nolite

344 1330 584 1386 »gaudere,
619 1329 718 1387 quia
749 1331 958 1374 daemonia
987 1332 1105 1376 vobis
1131 1333 1324 1391 subjecta
1351 1343 1478 1379 sunt:
1513 1338 1589 1380 sed
1610 1351 1719 1396 gau-

345 1417 364 1440 »
379 1401 496 1449 dete,
526 1399 624 1458 quia
645 1401 817 1444 nomina
848 1411 983 1446 vestra
1006 1404 1160 1462 scripta
1183 1413 1282 1447 sunt
1306 1405 1351 1448 in
1374 1407 1483 1455 coelo
1502 1406 1534 1450 ⁸.
1563 1425 1581 1447 n
1602 1408 1717 1452 Hinc

347 1485 449 1529 ergo
470 1470 753 1529 intelligamus
777 1472 875 1530 quia
896 1488 982 1515 non
1004 1473 1137 1516 otiose
1152 1474 1361 1519 Dominus
1381 1491 1454 1520 eos
1477 1477 1633 1536 arguit;
1642 1477 1724 1537 qui

348 1541 619 1585 aedificabant
648 1542 729 1586 sibi
757 1545 975 1602 sepulcra,
1007 1546 1074 1588 vel
1103 1548 1290 1589 tumulos
1318 1547 1656 1607 Prophetarum,
1678 1558 1723 1593 et

350 1613 614 1657 exornabant
630 1629 692 1656 ea.
720 1613 1076 1658 Condemnantur
1092 1616 1208 1660 enim
1228 1617 1254 1660 J
1258 1618 1383 1668 udaei,
1407 1619 1479 1676 qui
1500 1619 1723 1677 Prophetis

351 1700 459 1743 quos
479 1684 726 1728 occiderant
742 1685 776 1736 ⁴,
795 1695 963 1730 terrena
990 1688 1152 1738 solatia,
1173 1704 1258 1732 non
1281 1692 1436 1733 aeterna
1452 1691 1625 1748 praemia
1641 1691 1723 1734 de—

349 1755 560 1798 ferebant.
595 1756 782 1814 Ideoque
817 1757 1041 1814 prohihet,
1072 1766 1120 1800 ut
1149 1757 1392 1817 Discipulus
1416 1775 1518 1831 sup
1546 1761 1724 1820 sepeliat

352 1835 519 1884 patrem
543 1826 578 1876 ⁵;
601 1827 700 1884 quia
719 1836 878 1870 aeterno
899 1828 1014 1872 Patri
1038 1829 1127 1872 sine
1147 1829 1380 1874 cessatione
1401 1816 1724 1876 essef'dehet-in-

351 1905 508 1940 tentus.
546 1897 600 1939 Et
633 1897 676 1939 in
703 1898 836 1940 Esaiae
865 1899 976 1942 libro
1000 1899 1208 1958 scriptum
1235 1909 1330 1943 est:
1356 1919 1372 1940 a
1400 1891 1539 1954 Quid,
1563 1902 1722 1960 inquit,

350 1967 479 2025 »quia
499 1966 717 2010 aedificasti
743 1976 786 2010 et
814 1969 1007 2012 excidisti
1037 1970 1113 2012 tibi
1139 1971 1183 2012 in
1206 1972 1451 2029 sepulcrum
1468 1970 1514 2014 ⁶?
1538 1991 1555 2012 »
1578 1972 1632 2016 Et
1655 1988 1730 2028 ref>

346 2037 629 2094 prehenditur
649 2037 803 2088 Maria,
827 2054 920 2095 quae
947 2038 1166 2092 Christum
1190 2040 1234 2084 in
1265 2043 1434 2084 tumulo
1458 2042 1722 2100 requirebat*

347 2109 557 2167 Relinque
569 2111 779 2168 sepulcra,
793 2125 886 2167 quae
900 2111 1180 2168 reliquerunt,
1195 2112 1267 2169 qui
1280 2113 1422 2155 audita
1433 2114 1724 2161 voofifflomini
1781 2167 1784 2171 .

348 2179 392 2222 in
409 2179 539 2237 ipsius
560 2179 755 2238 passione
768 2196 990 2224 surrexere
1009 2183 1062 2224 de
1079 2182 1266 2226 tumulis.
1289 2182 1384 2226 Noli
1400 2182 1511 2226 inter
1529 2193 1724 2230 mortuos

348 2249 557 2299 habitare,
578 2250 650 2307 qui
668 2250 781 2294 vivis.
804 2250 916 2294 Audi
932 2267 1081 2295 vocem
1099 2253 1388 2306 resuscitantis
1403 2253 1508 2296 Jesu
1525 2269 1535 2296 :
1552 2273 1568 2294 «
1589 2254 1724 2314 Surge

348 2320 455 2377 »qui
477 2320 660 2370 dormis,
686 2329 729 2364 et
755 2336 914 2380 exurge
946 2337 968 2365 a
991 2324 1168 2366 mortuis
1183 2341 1195 2373 ;
1221 2332 1268 2367 ut
1288 2326 1433 2367 lumen
1455 2324 1533 2370 tihi
1561 2324 1722 2369 Christi

349 2388 629 2433 »infundatur
646 2389 678 2433 ⁷.
706 2408 722 2431 n
736 2390 930 2435 Alterum
953 2394 1097 2436 lumen
1117 2394 1210 2452 ejus
1233 2395 1413 2453 Spiritus
1435 2403 1605 2439 sanctus
1631 2403 1720 2446 est,

350 2459 424 2518 qui
455 2459 666 2518 Apostolis
695 2462 851 2505 sanctis
879 2463 921 2506 in
952 2464 1212 2522 dispersione
1243 2465 1484 2525 linguarum
1519 2474 1722 2525 tanquam

348 2530 456 2589 ignis
477 2531 628 2576 illuxit.
1094 2543 1103 2552 '

397 2643 408 2658 ¹
432 2634 515 2668 Psal.
533 2647 671 2677 xxxviii,
693 2638 741 2671 13.
760 2656 800 2663 —
817 2648 829 2663 ³
848 2639 923 2672 lsai.
937 2651 1017 2681 xxii,
1040 2641 1090 2674 13.
1103 2659 1143 2665 —
1159 2642 1174 2665 ³
1188 2641 1264 2674 Luc.
1285 2652 1317 2678 x,
1337 2651 1386 2675 πο.
1403 2659 1444 2667 —-
1459 2642 1471 2666 ⁴
1487 2642 1608 2677 Mauri.
1621 2652 1719 2685 xxm,

352 2689 405 2731 ιδ,
426 2701 477 2737 ²9·
493 2709 533 2717 —
546 2692 558 2714 ⁵
580 2692 630 2727 Id.
651 2703 724 2733 vni,
744 2705 796 2729 υ.
813 2698 853 2721 -““-
867 2697 883 2720 ⁸
899 2696 976 2731 lsai.
991 2707 1074 2737 xxix,
1087 2698 1121 2732 6.
1138 2716 1176 2724 -
1197 2705 1208 2729 ⁷
1230 2697 1352 2743 Ephes.
1370 2708 1407 2737 π,
1426 2697 1479 2739 ni.
