1794 3256
555 290 762 321 nomeu
791 289 922 320 um
954 290 1001 319 11.
1407 271 1468 337 93

94 374 307 438 ‘ubemat
329 368 524 429 imperio.
552 368 667 428 Ergo
688 368 847 429 scripta
864 376 932 414 est
952 367 1109 428 culpa:
1130 367 1349 413 videamus
1371 372 1466 418 ubi.¹

95 445 192 491 Non
211 444 328 494 soris,
353 443 429 487 sed
451 441 564 486 intus
583 441 629 484 in
649 442 780 485 corde
802 449 877 485 tuo
901 449 946 486 et
969 440 1015 484 in
1037 448 1213 500 pectore
1232 449 1321 486 tuo.
1346 442 1469 490 Sicut

95 515 216 562 enim
235 531 373 575 prope
388 522 455 559 est
475 514 655 558 verbum
684 514 730 558 in
753 528 830 558 ore
850 521 942 564 tuo,
971 520 1017 556 et
1041 512 1087 556 in
1110 513 1242 557 corde
1269 522 1376 558 tuo.
1402 516 1470 561 sic

95 586 383 636 infidelibus
369 603 416 631 ιιι
449 587 541 646 ipso
572 586 703 631 corde
733 586 988 646 exprimitur
1026 584 1164 645 figura
1197 587 1365 646 peccati
1378 620 1391 638 ,
1428 596 1474 633 et

4 690 7 693 -
97 658 255 703 erroris
273 657 446 717 effigies.
474 658 595 701 Intus
621 657 752 716 igitur
771 665 837 702 est
858 658 1003 716 culpa,
1027 656 1144 701 intus
1172 665 1217 701 et
1240 658 1388 702 virtus.
1420 659 1476 708 Et

8 792 10 794 k
97 728 196 774 ideo
213 727 650 778 Dominum-Sentio,
673 728 829 787 inquit,
853 729 907 772 de
927 742 1000 772 me
1024 728 1225 772 virtutem
1240 729 1395 773 exisse¹
1413 747 1464 780 ς»

101 806 153 850 ut
171 799 417 844 ostenderet
439 814 535 857 quae
553 799 667 843 bona
689 807 807 848 sunt,
840 799 895 842 de
917 797 1119 842 interiore
1139 801 1374 858 procedere
1386 816 1401 851 ς
1432 809 1479 846 et

102 877 254 917 contra
280 885 377 928 quae
409 871 522 914 mala
548 877 666 919 sunt,
699 871 755 913 de
780 869 985 913 interiore
1003 870 1189 929 prodire.
1207 888 1226 911 ι
1241 871 1337 916 Non
1358 872 1478 916 enim

11 960 17 977 ἲ
103 942 253 1000 ‚quod
264 941 411 991 intrat,
428 940 581 999 iuquit,
601 941 644 997 in
660 955 725 990 os,
741 940 991 998 coinquinat
1005 940 1252 984 hominem:
1271 942 1346 984 sed
1360 942 1480 1000 quod

102 1012 220 1060 »exit
232 1013 287 1056 de
301 1011 417 1055 ore'.
434 1030 453 1053 ι
463 1012 528 1056 De
544 1013 675 1055 corde
688 1010 805 1054 enim
825 1019 900 1054 tuo
914 1009 1195 1070 cogitationes
1210 1014 1476 1071 procedunt3

101 1091 148 1131 et
170 1084 267 1129 ideo
291 1098 395 1127 cave
417 1099 473 1127 ne
497 1084 551 1127 de
575 1084 706 1127 corde
722 1090 797 1125 tuo
811 1083 935 1125 malae
949 1082 1228 1141 cogitationes
1248 1085 1476 1142 prodeant,

104 1170 199 1214 quae
220 1163 265 1198 te
278 1154 518 1214 posteriore
537 1162 729 1213 tempore
748 1161 929 1212 arguant
947 1162 992 1197 et
1011 1162 1227 1218 accusent.
1250 1155 1352 1198 Νοιι
1361 1155 1479 1200 enim

104 1225 224 1272 Deus
233 1225 485 1270 testimoniis
497 1227 553 1268 ad
561 1224 870 1269 revincendum
882 1232 925 1268 te
937 1220 1282 1299 argumentisque
1294 1226 1481 1286 indiget:

67 1327 72 1330 -
106 1303 182 1346 tua
197 1304 242 1340 te
256 1296 347 1354 ipsa
363 1297 491 1354 culpa
506 1305 681 1340 accusat
694 1305 739 1339 et
752 1296 910 1355 prodit.

164 1365 355 1415 LXVH.
369 1366 535 1426 Deinde
557 1367 669 1410 bene
699 1366 745 1409 in
764 1366 850 1410 hoc
874 1364 1045 1418 Psalmo
1069 1367 1206 1410 David
1230 1367 1365 1411 dicit·
1352 1402 1362 1410 .
1388 1369 1487 1413 «Et

1 1429 19 1487 ’ξ
106 1436 344 1480 »delictum
365 1451 512 1480 meum
532 1445 682 1481 eontra
705 1452 777 1480 me
799 1445 866 1480 est
889 1437 1134 1497 semper⁸.-»
1149 1438 1219 1482 Vae
1239 1439 1355 1483 enim
1377 1440 1487 1484 mihi

19 1514 23 1526 ²
107 1507 229 1567 quod
238 1509 373 1553 htere
387 1509 532 1567 cupio,
561 1518 609 1553 et
630 1511 764 1553 latere
779 1524 868 1553 non
883 1510 1085 1568 possum!
1111 1509 1344 1562 Quomodo
1368 1511 1486 1556 enim

21 1604 25 1636 i
107 1579 269 1631 latebo,
291 1579 365 1637 qui
386 1579 588 1639 inscripta
607 1580 652 1623 in
673 1588 850 1639 pectore
868 1595 966 1624 meo
983 1594 1085 1639 gero
1104 1594 1304 1623 meorum
1329 1581 1487 1625 indicia

23 1655 27 1662 ²
110 1650 401 1696 delictorum?
425 1650 666 1707 Nudabitur
687 1650 732 1693 in
759 1651 832 1694 illo
864 1651 1016 1709 judicii
1049 1650 1119 1693 die
1147 1651 1490 1711 uniuscujusque

19 1756 26 1777 3
111 1728 280 1780 pectus,
296 1721 589 1765 testimonium
610 1721 817 1765 reddente
835 1721 1036 1764 omnibus
1052 1722 1313 1766 conscientia
1335 1738 1428 1773 sua,
1447 1733 1492 1768 et

113 1791 300 1838 invicem
323 1793 624 1837 accusantibus
648 1793 993 1851 cogitationibus,
1021 1800 1096 1836 aut
1110 1792 1241 1836 etiam
1263 1794 1494 1838 defenden-

6 1910 9 1913 ,
115 1862 262 1912 tibus,
289 1862 341 1907 -in
371 1863 442 1907 die
473 1877 557 1921 qua
579 1863 790 1921 judicabit
820 1863 1031 1908 Dominus
1050 1865 1222 1907 occulta
1245 1864 1485 1910 hominum.

39 1944 43 1947 ’
117 1933 231 1987 Quis
249 1934 403 1992 pudor
410 1933 499 1985 ille,
526 1949 628 1978 cum
655 1935 779 1994 prodi
808 1934 1008 1978 omnibus
1033 1935 1211 1994 coeperit
1230 1938 1348 1995 quod
1370 1946 1497 1996 puta-

23 2007 30 2035 ἶῑ
119 2005 274 2055 bamus
298 2006 543 2055 occultum3
568 2020 669 2048 cum
695 2005 860 2064 aperire
881 2021 927 2050 se
953 2006 1133 2065 coeperit
1156 2007 1496 2067 uniuscujusque

0 2094 29 2138 ρ,
120 2075 266 2134 imago
285 2075 446 2126 delicti,
466 2083 517 2119 ut
540 2076 836 2135 unusquisque
861 2076 927 2120 sui
956 2076 1148 2120 criminis
1178 2077 1286 2121 serie
1310 2080 1502 2123 revinca-

0 2134 30 2213 Ξ
123 2145 229 2191 tur?
262 2145 372 2199 Quis
399 2147 540 2205 pudor
568 2162 671 2191 cum
698 2148 821 2191 illum
850 2161 980 2206 quem
1005 2147 1352 2206 despicabilem‘
1339 2165 1382 2193 ιιι
1412 2151 1498 2195 hoc

125 2218 282 2263 saeculo
304 2217 544 2276 judicabas,
580 2217 739 2262 videris
759 2233 854 2262 esse
887 2219 1136 2278 praelatum;
1169 2219 1291 2263 illum
1327 2236 1499 2276 servum

31 2316 33 2318 -
123 2296 272 2340 tuum,
295 2289 418 2333 illum
440 2303 569 2347 quem
597 2289 719 2348 juxta
740 2289 884 2333 saeculi
906 2289 1038 2348 hujus
1054 2289 1227 2334 astutias
1245 2291 1439 2351 ineptum
1456 2302 1501 2338 et

14 2361 28 2418 j
127 2359 362 2406 inhabilem
377 2360 665 2412 arbitrabaris,
681 2361 962 2420 simplicitatis
977 2361 1067 2405 suae‘
1080 2361 1234 2406 divitiis
1250 2365 1501 2424 cognoveris

37 2491 43 2497 .
125 2430 391 2478 honoratum
399 2430 679 2491 i’Ergo‘dum
698 2431 900 2484 vivimus,
921 2432 1217 2493 confugiamus
1237 2435 1291 2479 ad
1310 2451 1411 2479 eum
1427 2437 1503 2494 qui

126 2508 275 2561 potest
292 2502 436 2545 delere
455 2509 696 2560 peccatum.
729 2502 819 2548 Nec
832 2508 1007 2549 vereare
1025 2506 1143 2564 quod
1165 2505 1344 2587 graphi-o
1363 2506 1503 2550 ferreo

125 2571 346 2637 scriptum
368 2579 450 2629 est,
475 2580 521 2620 et
546 2588 692 2635 ungue
718 2573 990 2623 adamantino
1021 2575 1123 2636 (7).
1155 2576 1228 2622 hic
1248 2577 1370 2623 enim
1401 2592 1511 2670 por-

178 2660 378 2699 110n001m
378 2661 548 2708 ,·46.-
532 2666 761 2713 muli-xv
779 2677 831 2705 ιι
841 2669 1016 2707 -21’sa1
1035 2672 1116 2712 1⁵
1224 2669 1245 2678 ’“
