1794 3256
337 296 423 342 352
894 303 928 333 s.
966 303 1159 334 AMBaosu

340 401 466 446 »vitae
485 402 653 442 aete'rnae
673 395 830 444 habeS‚
854 401 897 436 et
917 408 994 438 nos
1014 393 1256 438 credimus¹
1277 410 1290 446 ς
1313 392 1559 454 »quomodo
1572 388 1712 456 'igitur

340 473 465 532 jubes
485 479 534 515 ut
556 469 822 513 discedamus
845 481 867 508 a
895 466 970 509 te?
996 462 1154 524 Captus
1175 466 1291 510 enim
1311 467 1547 511 coelestium
1569 462 1708 527 suari-

341 551 428 588 tate
458 542 689 587 verborum
711 571 723 589 ‚
751 537 969 581 discedere
994 536 1167 581 nolebat
1191 553 1214 580 a
1238 535 1418 582 Christo.
1450 537 1538 593 Qui
1567 546 1708 583 autem

340 621 469 672 negat
497 610 738 659 Christum,
763 608 852 667 ipse
873 622 918 650 se
939 615 1106 666 separat
1131 608 1199 651 vel
1229 616 1447 667 separatur
1470 624 1492 651 a
1521 607 1702 652 Christo.

339 682 426 727 Sed
462 696 601 740 neque
631 686 797 723 versuta
832 676 1182 721 Amorrhaeorum
1216 678 1471 746 disputatio,
1509 694 1604 737 quae
1633 694 1710 739 per

338 750 654 812 philosophiam
669 749 897 793 nonnullos
915 763 938 791 a
953 748 1128 792 veritate
1145 749 1382 793 transducit
1398 765 1407 792 :
1429 764 1568 807 neque
1583 746 1609 792 J
1611 750 1713 793 ebu-

342 838 525 868 saeorum
559 822 694 880 turpis
723 820 931 878 abjecti0,
955 835 1049 878 quae
1071 836 1115 863 se
1134 815 1309 879 subjicit
1334 828 1459 879 atque
1481 820 1715 865 substernit

340 903 518 940 ‘cursum
542 893 812 937 currentibus
839 891 1110 940 saecularem,
1134 891 1207 949 qui
1232 906 1319 934 non
1340 889 1482 951 potest¹
1506 908 1598 936 esse
1622 908 1714 951 per·

341 975 497 1025 petuus
515 982 527 1015 ;
555 966 630 1008 sed
650 964 693 1007 in
714 963 847 1022 portis
869 961 1013 1006 deficit
1035 961 1209 1012 mortis,
1234 958 1287 1004 de
1310 962 1463 1019 quibus
1481 964 1715 1007 exaltatum

340 1037 476 1083 David
491 1036 700 1094 propheta
716 1050 760 1077 se
777 1032 960 1092 gaudet²
979 1048 989 1075 ε
1010 1051 1026 1073 »
1039 1047 1180 1090 neque
1203 1031 1387 1083 Cinaeus,
1411 1033 1485 1091 qui
1501 1049 1577 1092 per
1594 1047 1715 1077 suam

341 1108 573 1168 pecuniam
595 1105 835 1164 possidetur
848 1121 860 1154 3
874 1103 994 1150 sicut
1012 1103 1238 1147 insatiabili
1260 1118 1410 1148 avarus
1435 1103 1591 1149 affectu
1611 1121 1621 1146 :
1646 1119 1720 1148 ne·

344 1193 428 1236 que
456 1177 690 1226 Cenezeus,
707 1175 781 1234 qui
798 1182 920 1233 putat
936 1175 979 1218 in
1005 1174 1159 1218 divitiis
1181 1174 1491 1233 possessionem
1512 1189 1603 1218 esse
1624 1189 1717 1234 per·

342 1256 518 1308 petuam
534 1280 545 1298 ,
570 1254 613 1289 et
633 1260 784 1290 vanam
802 1260 920 1303 spem
944 1244 1162 1287 constituit
1179 1244 1223 1287 in
1246 1243 1441 1296 caducis,
1461 1252 1586 1302 atque
1602 1243 1717 1287 inani

344 1317 543 1377 opinione
566 1331 610 1359 se
630 1315 763 1373 jactat
781 1329 792 1358 ε
817 1330 957 1372 neque
977 1311 1202 1374 Rapha'im,
1227 1314 1301 1372 qui
1319 1313 1546 1373 profitetur
1568 1314 1656 1357 aliis
1672 1329 1717 1358 se

342 1387 456 1431 ferre
477 1385 734 1429 medicinam
748 1417 760 1435 ‚
783 1399 883 1428 cum
902 1385 1079 1428 vulnera
1101 1399 1176 1427 sua
1199 1398 1351 1427 curare
1378 1399 1466 1427 non
1490 1384 1624 1443 possit
1633 1400 1646 1434 3
1674 1392 1718 1428 et

342 1456 441 1500 ideo
470 1456 503 1499 si
531 1455 624 1513 quis
657 1456 710 1497 ad
738 1454 987 1512 hujusmodi
1010 1453 1227 1497 medicum
1254 1453 1516 1513 confugerit,
1543 1466 1719 1497 necesse

345 1534 408 1569 est
430 1526 546 1583 prius
568 1523 874 1582 patrimonium
895 1539 1021 1567 suum
1042 1539 1172 1568 omne
1195 1533 1444 1575 consumat,
1468 1538 1597 1583 quam
1621 1536 1719 1583 pro—

342 1595 505 1638 fectum
535 1594 724 1637 sanitatis
754 1594 968 1652 accipiat3
1002 1594 1112 1639 sicut
1142 1595 1212 1638 illa
1234 1595 1390 1638 mulier
1415 1595 1458 1638 in
1488 1594 1717 1654 Evangelio

342 1679 437 1722 quae
462 1669 539 1723 per
572 1663 800 1707 duodecim
826 1678 958 1707 annos
982 1663 1190 1708 fluentem
1215 1665 1465 1725 sanguinem
1481 1662 1495 1688 ³
1521 1679 1716 1724 corpora-

340 1734 449 1778 lium
477 1735 746 1792 voluptatum
774 1742 960 1778 statuere
996 1749 1083 1778 non
1115 1735 1256 1793 potuit
1275 1768 1287 1786 ,
1318 1736 1399 1780 nisi
1437 1744 1717 1795 posteaquam

342 1803 533 1862 confugit
548 1805 603 1847 ad
620 1803 852 1848 Christum.
869 1804 1081 1848 Intellexit
1097 1805 1212 1849 enim
1228 1806 1346 1864 quod
1359 1806 1486 1850 nemo
1502 1805 1715 1865 perfectus

341 1874 555 1924 medicus,
578 1873 659 1916 nisi
679 1874 752 1931 qui
775 1874 1064 1918 descendisset
1081 1891 1108 1919 e
1130 1877 1257 1926 coelo,
1281 1878 1335 1920 de
1351 1876 1436 1934 quo
1459 1881 1717 1934 cognoverat

339 1943 503 1988 dictum
523 1959 533 1986 z
551 1961 568 1984 α
585 1943 698 1987 Misit
717 1944 896 1987 verbum
919 1960 1059 1996 suum,
1075 1953 1118 1989 et
1139 1945 1301 1990 sanavit
1321 1947 1394 1990 eos
1409 1944 1452 1997 '⁹3
1474 1954 1548 1990 »et
1571 1948 1718 1990 adver-

341 2015 393 2059 tit
415 2017 468 2058 de
488 2016 579 2073 ipso
602 2015 766 2059 dictum
783 2031 793 2058 :
811 2033 827 2056 α
847 2015 961 2059 Ecce
982 2016 1080 2060 dedi
1102 2017 1232 2060 verba
1251 2031 1347 2061 mea
1364 2016 1407 2061 iu
1428 2032 1477 2062 os
1498 2017 1715 2074 tunnis-et

343 2085 574 2129 »constitui
602 2093 644 2129 te
676 2085 805 2130 hodie
830 2102 959 2145 super
980 2094 1127 2145 gentes
1149 2095 1193 2131 et
1219 2091 1374 2147 regtss,
1404 2088 1644 2139 eradicare,
1670 2095 1716 2133 et

338 2176 356 2199 n
372 2159 589 2201 destruere
603 2190 615 2207 ‚
639 2165 681 2200 et
703 2159 904 2216 perdere,
929 2166 972 2201 et
993 2156 1204 2202 aedificare
1217 2191 1229 2209 ,
1254 2166 1297 2202 et
1317 2159 1508 2217 plantare
1521 2159 1554 2203 ⁵.
1573 2177 1589 2200 »
1603 2158 1714 2204 Nam

340 2228 442 2273 licet
468 2228 714 2286 frequenter
752 2228 867 2272 Deus
898 2229 1068 2272 locutus
1097 2229 1151 2273 sit
1182 2230 1226 2273 in
1253 2229 1510 2288 Prophetis;
1544 2229 1588 2273 in
1625 2245 1711 2289 quo

291 2311 294 2312 ’
340 2307 485 2342 tamen
511 2298 770 2356 expressius,
793 2314 920 2357 quam
942 2299 986 2342 in
1009 2315 1085 2343 suo
1106 2301 1276 2344 locutus
1299 2309 1364 2344 est
1381 2300 1516 2351 Filio,
1541 2301 1614 2359 qui
1631 2301 1712 2345 vir·

340 2376 477 2412 tutem
499 2383 671 2411 omnem
704 2369 945 2428 exprimens
976 2369 1110 2414 Patris
1132 2370 1218 2414 ait:
1244 2389 1260 2411 α
1280 2370 1385 2416 Mea'
1403 2371 1595 2415 doctrina
1622 2385 1712 2415 non

341 2456 358 2479 »
371 2445 436 2481 est
454 2431 565 2488 mea,
588 2439 663 2482 sed
678 2438 770 2497 ejus
792 2439 865 2497 qui
885 2452 954 2482 me
973 2439 1088 2483 misit
1103 2439 1116 2462 ⁶
1134 2439 1153 2483 i‘
1175 2458 1192 2481 n
1205 2440 1300 2486 Non
1325 2455 1426 2500 ergo
1447 2440 1680 2485 Hieremias
1695 2473 1708 2492 ‚

323 2509 416 2570 Jqui
443 2517 637 2568 tempore
667 2510 920 2569 captivitatis
953 2511 1140 2571 suscepit
1161 2511 1366 2567 exiliw3
1399 2512 1475 2556 sed
1500 2511 1708 2558 Dominus

388 2620 398 2636 ⁸
418 2611 516 2646 Jonu.
534 2623 583 2653 vt,
598 2612 655 2658 69,
672 2624 726 2658 70.
746 2632 786 2641 -
801 2624 815 2640 ι
831 2614 914 2648 Psal.
931 2626 986 2653 ix,
1004 2617 1056 2649 15.
1080 2634 1122 2643 —
1143 2617 1159 2643 ³
1178 2617 1261 2654 Luc.
1279 2594 1350 2659 ξω,
1372 2603 1430 2661 43,
1447 2617 1503 2659 44.
1538 2636 1564 2667 -j
1581 2619 1596 2649 ⁴
1613 2616 1712 2670 Paul-¹

336 2676 406 2717 cvr,
423 2677 476 2704 ιο.
491 2686 531 2694 -
552 2670 565 2693 ⁵
582 2667 702 2704 Jerem.
720 2681 745 2712 ι,
763 2680 796 2716 9,
815 2680 866 2705 ιο.
879 2688 921 2697 -
936 2672 952 2710 ,6
967 2670 1066 2707 Joan·
1083 2682 1144 2713 vn,
1166 2672 1217 2709 16.
