1794 3256
414 322 652 352 suanno
683 323 725 353 m
757 323 945 353 nsum!
975 324 1117 354 XXXVI·
1247 336 1250 339 ’
1368 326 1451 358 221

82 418 215 464 quam
237 408 489 462 potestatem
510 401 553 443 in
576 400 762 444 diabolo.
790 400 917 445 Vides
941 403 1119 446 cedrum
1148 402 1192 446 in
1211 412 1359 448 monte
1393 406 1457 449 al-

90 474 252 519 tissimo
268 472 646 532 superexaltatam3
671 473 747 515 sed
762 479 887 515 vento
903 472 1125 531 frangitur,
1147 475 1224 517 sed
1245 474 1330 534 igni
1352 490 1459 518 exu-

91 544 214 602 titur,
241 545 316 588 sed
346 550 552 587 vetustate
574 541 817 585 dissolvitur
842 557 855 585 ε
881 542 938 586 ita
962 551 1028 586 est
1057 543 1172 587 dives
1206 544 1250 587 in
1281 545 1450 589 saeculo.

87 615 242 675 Fulget
258 615 430 674 quidem
458 614 684 672 splendore
709 615 895 672 quodam
914 615 1059 673 gratiae
1085 615 1299 659 saecularis
1322 624 1370 659 ut
1389 615 1455 661 Li-

90 687 254 736 banus,
276 685 399 729 nixus
428 692 494 728 est
512 683 662 727 mundi
683 684 893 742 potentia,
924 685 1076 744 opibus
1095 694 1142 729 et
1158 686 1314 749 divitijs
1337 688 1460 732 exul-

93 765 168 802 tat.
197 755 373 801 Videtur
388 754 464 799 tibi
485 754 644 812 aliquid
661 770 753 798 esse
769 787 782 805 ,
802 762 1029 814 antequam
1044 756 1160 800 dicas
1179 756 1460 802 :c'l'ransiens

90 817 278 875 »videbo
296 828 327 871 ¹.
352 826 504 870 »Sicut
525 826 640 870 euim
670 825 836 885 Moyses
860 827 1003 870 animo
1033 836 1076 871 et
1102 836 1246 871 mente
1273 829 1463 873 transivit

11 921 20 928 ·
94 898 326 946 materialia
341 930 354 948 .
376 905 419 942 et
438 897 578 941 Deum
599 895 705 940 vidit
726 911 737 939 ε
763 896 820 939 ita
847 906 891 940 et
918 905 965 940 tu
994 898 1028 940 si
1051 906 1238 941 transeas
1256 898 1383 949 bine,
1408 898 1463 945 ad

94 970 175 1020 Dei
195 970 373 1030 gratiam
394 967 621 1026 vestigium
654 975 738 1009 tuae
768 967 924 1011 mentis
945 969 1164 1018 attollens,
1183 965 1347 1012 videbis
1367 983 1468 1014 eum

93 1041 205 1086 nibil
222 1055 315 1084 esse
342 1039 414 1097 qui
443 1039 486 1082 in
515 1039 598 1081 hac
626 1046 740 1081 terra
765 1038 846 1081 sibi
878 1039 1196 1096 potentissimus
1223 1038 1459 1084 videbatur.

96 1112 200 1156 Ideo
230 1110 380 1155 auimae
411 1116 495 1154 t'uae
521 1109 651 1157 dicit,
681 1108 817 1151 menti
856 1116 940 1152 tuae
968 1109 1074 1152 dicit
1109 1109 1223 1152 Deus
1253 1109 1464 1154 verbum:

109 1200 128 1222 ι
147 1181 262 1226 Ades
280 1181 367 1225 huc
389 1195 410 1223 a
432 1180 595 1223 Libano
617 1194 792 1238 sponsa,
816 1180 917 1222 ades
937 1178 1029 1222 huo
1045 1195 1067 1222 a
1086 1178 1250 1223 Libano
1277 1195 1288 1223 ε
1312 1180 1467 1224 transi·

98 1251 195 1295 »bis
210 1259 255 1295 et
274 1249 549 1310 pertransibis
565 1247 596 1291 ².
624 1267 642 1289 ι
654 1247 699 1291 Si
723 1256 910 1292 transeas
930 1249 1146 1292 saecularia
1158 1282 1172 1299 ‚
1192 1247 1469 1309 pertransibis

100 1323 157 1367 ad
187 1321 445 1382 paradisum.
487 1318 600 1364 Audi
635 1327 940 1363 transeuntem.
957 1337 975 1359 ι
997 1319 1210 1363 Memento
1239 1320 1324 1364 mei
1338 1353 1351 1370 .
1390 1320 1473 1365 Do-

101 1393 274 1442 »mine,
299 1406 399 1435 cnm
431 1389 596 1434 veneris
627 1389 671 1433 in
709 1396 889 1449 regnum
920 1399 1043 1433 tuum
1070 1390 1102 1434 ³.
1140 1390 1282 1434 »Audi
1316 1391 1472 1436 iterum

100 1469 469 1524 pertranseuntem
493 1476 538 1503 t«
556 1461 694 1504 Amen
709 1492 722 1510 ,
756 1475 881 1504 amen
904 1460 1002 1504 dico
1025 1460 1129 1512 tibi,
1153 1460 1283 1506 hodie
1300 1477 1471 1507 mecum

104 1532 217 1577 »eris
235 1533 278 1576 in
300 1531 497 1592 paradiso
517 1531 549 1574 ⁴.
578 1549 595 1571 ›

166 1603 404 1648 LXXVIII.
430 1601 548 1655 Quid
568 1609 633 1645 est
657 1617 701 1643 τι
715 1602 828 1645 Ecce
847 1616 935 1645 non
956 1610 1060 1646 erat.
1082 1603 1160 1645 n‘ln
1171 1602 1382 1662 principio
1397 1603 1477 1647 uti·

105 1689 191 1733 que
216 1672 407 1725 Verbum
445 1679 549 1714 erat.
584 1671 638 1714 Et
673 1671 746 1729 qui
777 1671 968 1715 Verbum
992 1671 1131 1721 videt,
1163 1672 1236 1730 qui
1264 1673 1474 1733 particeps

107 1743 236 1788 Verbi
244 1751 333 1792 est,
354 1742 503 1800 utique
518 1741 661 1799 etipse
676 1749 739 1784 est
755 1758 767 1790 ;
783 1741 882 1799 quia
898 1740 1092 1785 Verbum
1112 1741 1192 1784 Dei
1206 1751 1446 1801 semperest
1457 1777 1470 1794 ,

106 1823 151 1858 et
170 1828 311 1859 sermo
330 1812 405 1870 qui
426 1813 480 1855 de
500 1812 592 1870 ipso
609 1819 698 1860 est,
722 1826 809 1854 non
824 1819 890 1855 est
908 1827 919 1854 :
943 1812 1018 1855 Est
1038 1820 1082 1855 et
1101 1827 1216 1862 nom
1237 1814 1312 1856 sed
1336 1829 1348 1855 :
1371 1814 1446 1857 Est
1457 1831 1470 1865 ς

107 1893 153 1929 et
166 1891 311 1927 manet
329 1883 373 1926 in
392 1897 445 1926 eo
459 1882 531 1939 qui
553 1881 745 1939 sequitur
765 1881 918 1925 Deum.
938 1881 1026 1934 Qui
1047 1890 1189 1925 autem
1214 1882 1478 1927 nescit'Ver-

107 1953 215 2002 bum
232 1986 246 2004 ,
267 1967 355 1996 non
383 1960 469 2000 θεας
491 1951 590 2009 quia
610 1965 698 1994 non
720 1950 908 1994 adhaeret
928 1950 968 1994 ei
989 1950 1062 2009 qui
1085 1950 1191 1993 dixit
1207 1966 1220 1994 ε
1235 1969 1252 1991 ι
1271 1953 1360 2011 Ego
1381 1968 1477 1998 sum

22 2052 25 2055 »
110 2042 129 2064 ι
141 2023 213 2082 qui
234 2038 331 2067 sum
346 2022 380 2066 ⁵.
396 2040 413 2062 ι
427 2020 513 2074 Qui
535 2011 678 2063 autem
696 2020 885 2064 adhaeret
898 2021 965 2070 ei,
982 2035 1095 2063 unus
1115 2021 1286 2079 spiritus
1300 2030 1377 2067 est.
1400 2023 1480 2067 Ubi

111 2102 257 2139 autem
285 2093 480 2153 spiritus,
510 2091 571 2134 ibi
605 2100 648 2135 et
678 2091 775 2134 vita.
813 2091 915 2136 Ideo
948 2091 1026 2134 tibi
1054 2091 1159 2134 dicit
1185 2090 1405 2151 Scriptura
1426 2093 1480 2139 de

111 2165 203 2209 Deo
226 2179 271 2207 τι
291 2163 377 2216 Qui
396 2160 580 2205 vivificat
607 2170 823 2210 mortuos,
850 2169 895 2204 et
914 2169 1039 2204 vocat
1059 2175 1109 2203 ea
1131 2175 1226 2218 quae
1247 2176 1335 2205 non
1356 2170 1478 2213 sunt,

114 2243 348 2293 »tanquam
367 2247 417 2282 ea
432 2247 527 2291 quae
547 2239 648 2275 sunt
663 2230 704 2280 ‘3
721 2230 835 2274 »hoc
856 2237 943 2280 est,
966 2238 1091 2275 vocat
1111 2239 1258 2288 gentes
1280 2247 1374 2290 quae
1395 2248 1483 2278 non

22 2327 34 2336 ,
114 2313 265 2355 eram,
287 2312 489 2362 tanquam
512 2302 719 2361 populum
745 2317 872 2346 suum
896 2302 970 2360 qui
992 2310 1109 2352 erat3
1124 2310 1247 2346 erant
1267 2304 1383 2347 enim
1406 2319 1485 2364 pa-

31 2375 34 2377 ’
110 2373 383 2434 tresxnostri,
409 2372 483 2431 qui
506 2379 629 2415 erant
648 2372 773 2416 electi
803 2372 896 2416 Dei.
923 2372 979 2416 Et
1007 2372 1108 2416 alibi
1129 2373 1286 2416 dicitur
1312 2389 1357 2417 :c
1378 2375 1486 2437 Gog-

120 2443 267 2488 nnovit
285 2442 492 2497 Dominus
509 2441 584 2500 qui
604 2450 704 2486 sunt
724 2441 856 2500 ipsius
877 2440 892 2465 ²
907 2459 920 2492 ;
939 2460 957 2483 ι
968 2455 1058 2485 non
1081 2443 1301 2501 cognoscit
1319 2460 1392 2489 eos
1410 2447 1485 2505 qui

121 2529 210 2577 non
226 2521 343 2558 sunt.
363 2512 416 2556 Et
434 2511 591 2557 Esther
607 2510 667 2555 ait
690 2525 737 2554 :c
751 2510 847 2556 Non
862 2511 937 2556 des
955 2512 1117 2571 virgam
1129 2513 1250 2573 regni
1264 2514 1327 2558 tui
1346 2515 1396 2560 iis
1410 2517 1486 2576 qui

169 2623 183 2642 ι
197 2615 310 2651 tzod.
335 2626 388 2653 m.
403 2614 437 2649 ³.
452 2633 494 2642 -—
511 2625 525 2641 ¹
547 2614 647 2648 Cant.
672 2626 727 2655 w,
742 2615 777 2656 4.
794 2632 834 2642 ·—
852 2616 867 2638 ³
879 2616 960 2651 leuc.
982 2627 1085 2657 nur,
1101 2617 1156 2657 41.
1178 2635 1221 2644 -
1245 2620 1260 2647 4
1274 2618 1361 2655 ibid.
1376 2620 1432 2662 4³.
1444 2639 1487 2650 -

123 2668 265 2704 mad.
280 2681 333 2709 m,
348 2670 400 2710 14.
412 2689 453 2696 -
469 2672 485 2695 ⁶
509 2670 605 2705 Rom.
622 2681 666 2709 iv,
685 2681 731 2714 ¹:⁷-
748 2689 790 2696 -
810 2678 821 2703 1
842 2681 860 2705 s
876 2671 966 2706 Tim.
982 2682 1020 2710 u,
1035 2682 1088 2718 ¹9·
1228 2689 1233 2691 >
1485 2666 1490 2670 ¹
