1794 3256
362 327 448 385 498
474 320 482 322 ”
876 337 1208 374 annom-rmus

723 485 968 514 ΑΝΝοΤΑΤΙο
1005 471 1096 530 (4ο)
1134 487 1229 530 pag.
1270 487 1368 531 271.

425 602 592 645 Corona
618 603 686 646 illa
706 604 973 647 donabantur
995 605 1023 655 ii
1040 605 1113 662 qui
1133 605 1177 648 in
1195 606 1306 649 ludis
1327 606 1379 650 ab
1401 607 1586 650 Hercule
1601 606 1644 650 in
1656 607 1729 651 ho-

366 689 514 717 norem
539 674 565 717 J
569 675 655 717 ovis
672 690 804 733 prope
825 675 1067 734 Olympiam
1082 677 1233 720 urbem
1250 675 1448 721 institutis
1461 711 1472 727 ,
1492 693 1540 721 ac
1557 679 1730 738 singulis

367 745 667 802 quinquenniis
687 745 893 789 celebrari
912 746 1042 790 solitis
1062 746 1270 791 vicissent.
1296 748 1397 791 Erat
1419 757 1562 793 autem
1587 748 1658 792 illa
1681 764 1733 792 ex

347 817 495 859 ·ramis
519 817 651 860 olivae.
678 815 819 860 Porro=
835 824 1005 873 ἐπινίκια,-
1032 818 1221 861 carmina
1253 823 1351 861 sunt
1375 816 1528 877 quibus
1557 819 1734 863 victoria

369 887 607 946 cujuspiam
620 888 875 939 celebratur,
895 888 1032 946 qualia
1046 888 1133 931 fere
1147 881 1354 933 Pindarus
1373 890 1606 948 lyricorum
1622 889 1735 948 prin-

369 973 468 1017 ceps
489 958 612 1002 nohis
632 958 816 1016 reliquit.

678 1065 682 1067 “
732 1099 977 1128 ANNOTATIO
1014 1083 1104 1143 (41)
1141 1100 1234 1144 pag.
1274 1085 1373 1129 288.

433 1201 718 1259 Diapsalma,
752 1208 816 1242 est
845 1201 1037 1257 quaedam
1072 1199 1113 1241 in
1149 1196 1315 1243 Psalmo
1348 1198 1522 1261 divisio,
1550 1201 1616 1244 vel
1644 1211 1738 1243 mu-

374 1273 477 1316 tatio
494 1290 506 1323 3
536 1283 583 1314 at
622 1270 766 1314 sicubi
802 1270 892 1327 (ait
922 1271 1106 1313 Hilarius
1136 1271 1327 1331 Prologo
1365 1268 1417 1313 in
1453 1271 1744 1330 Expositione

374 1344 659 1387 Psalmorum
677 1344 690 1400 )
712 1342 966 1399 diapsalma
988 1342 1301 1392 intercesserit,
1323 1353 1402 1386 aut
1423 1341 1596 1400 aliquid
1616 1339 1745 1386 aliud

373 1417 494 1464 diei,
533 1423 611 1457 aut
647 1414 784 1455 etiam
816 1412 871 1453 ab
906 1412 1044 1454 altero
1086 1412 1178 1453 dici
1199 1445 1211 1461 ,
1258 1423 1336 1455 aut
1378 1414 1428 1454 in
1459 1413 1598 1455 altero
1633 1413 1746 1456 artis

373 1488 554 1530 musicce
579 1483 758 1526 modain
787 1483 965 1528 canta-ri
991 1482 1335 1541 intelligendum
1363 1484 1434 1525 sit.
1460 1484 1746 1542 Hieronymus

375 1559 495 1616 epist:
526 1571 722 1599 cxxxv111.
754 1555 807 1596 ad
829 1553 954 1596 Marc.
984 1554 1034 1596 ab
1057 1553 1138 1596 hac
1160 1553 1359 1612 opinione
1384 1554 1617 1612 discrepat,
1649 1569 1749 1597 con-

375 1622 555 1672 tendens
592 1623 844 1683 diapsalma
886 1624 993 1667 nihil
1033 1623 1146 1667 aliud
1177 1631 1352 1674 sonare,
1387 1632 1514 1682 quam
1545 1623 1749 1668 Hehraeo—

375 1688 480 1742 rum=
494 1699 598 1747 sela,
624 1697 668 1740 id
690 1704 776 1745 est,
801 1699 983 1754 semper,
1003 1696 1118 1753 quod
1135 1703 1301 1738 tantum
1320 1695 1601 1739 distinctionis
1624 1709 1748 1738 causa

376 1769 626 1828 ponebatur.
671 1766 830 1809 Verum
869 1768 994 1823 longe
1030 1759 1149 1808 aliter
1186 1767 1238 1808 de
1265 1767 1413 1809 eadem
1444 1772 1550 1810 voce
1584 1766 1751 1809 disserit

377 1841 586 1884 Eusebius
612 1839 765 1888 Caesar,
784 1838 826 1880 in
851 1838 1142 1895 Expositione
1170 1838 1307 1880 Groe'c.
1340 1838 1533 1880 Patrttm
1554 1837 1603 1879 in
1622 1836 1752 1880 Psal-

379 1928 472 1955 mos
507 1927 529 1953 a
558 1911 714 1954 Baltaz.
750 1908 954 1951 Corderio
988 1907 1266 1956 concinnata,
1295 1909 1341 1950 et
1370 1899 1580 1965 Antuerp'
1634 1906 1752 1965 'typis

378 1980 531 2027 Moreti
567 1996 630 2024 an.
681 1980 788 2031 1645
829 1978 953 2021 edita.
990 1973 1082 2019 Illic
1130 1977 1340 2034 siquidem
1376 1985 1528 2020 narrat
1586 1986 1588 1989 ’
1625 1983 1752 2034 mque

383 2061 578 2096 cantores
601 2049 762 2092 ordinis
783 2048 965 2097 levitici,
993 2062 1098 2105 quos
1118 2047 1254 2090 David
1273 2048 1480 2106 elegerat,
1503 2054 1547 2091 et
1571 2059 1754 2106 quorum

383 2124 472 2182 ipse
495 2121 661 2165 medius
684 2120 842 2168 stabat,
866 2119 1029 2177 singula
1057 2117 1217 2161 musica
1239 2118 1519 2162 instrumenta
1530 2115 1771 2176 ffifi'htes

384 2203 534 2238 contra
553 2191 852 2236 Sanctuarium
884 2191 1063 2248 psallere
1093 2189 1236 2232 solitos
1267 2189 1429 2247 Spiritu
1456 2198 1604 2233 sancto
1626 2189 1754 2248 inspi-

384 2274 517 2310 rante.
547 2264 601 2308 At
623 2263 655 2306 si
680 2262 849 2320 quando
872 2261 995 2318 ejus
983 2260 1144 2303 afflatus
1164 2269 1371 2310 cessaret,
1388 2276 1460 2303 eos
1477 2275 1647 2320 quoque
1660 2268 1756 2303 tan-

386 2338 564 2395 tispera
591 2342 718 2377 cantu
756 2332 992 2382 destitisse,
1024 2348 1072 2375 ac
1104 2341 1196 2375 tum
1233 2331 1448 2390 scripsisse
1484 2322 1780 2389 ffiapsalmas

388 2407 617 2467 Gregorius
641 2405 854 2463 Nyssenns
882 2404 1022 2446 Tract.
1058 2419 1102 2446 11.
1136 2403 1179 2445 in
1206 2402 1313 2446 Psal.
1350 2412 1440 2460 cap.
1472 2404 1514 2446 vx.
1543 2402 1757 2446 silentium

388 2480 494 2524 illud
524 2493 610 2520 non
638 2475 861 2519 cessationi
890 2474 1018 2518 divini
1042 2470 1285 2524 instinctus,
1318 2475 1393 2516 sed
1422 2488 1542 2517 novae
1572 2473 1757 2532 cuipiam

392 2547 660 2593 illustrationi
683 2563 706 2590 a
723 2546 895 2605 'Spiritu
917 2553 1062 2589 sancto
1082 2545 1126 2588 in
1165 2553 1352 2588 mentem
1372 2544 1543 2588 Davidis
1562 2545 1757 2588 immissae

394 2619 600 2663 attribuit.
636 2618 759 2660 Hunc
795 2619 918 2660 adeas
949 2616 1074 2667 licet3
1103 2616 1212 2660 sicut
1233 2624 1276 2659 et
1299 2615 1484 2660 Cassiod.
1519 2614 1684 2675 Prolog.
1715 2615 1758 2659 in

393 2692 581 2740 Psalmos
598 2705 690 2751 cap.
719 2705 774 2734 x1.
799 2697 843 2734 et
859 2688 973 2734 alios.
