1794 3256
374 326 397 364 5
407 339 422 365 1
431 324 457 366 6
979 344 1116 372 mnzx.

370 413 597 453 Carum-AVIIL
620 416 689 449 Gur
704 416 845 450 Psalmus
858 418 1138 462 quinquagesimus
1153 418 1223 451 aliis
1240 418 1429 462 quibusdam
1447 419 1479 451 in
1496 429 1546 453 res
1560 430 1617 453 an-

415 468 548 501 teriores
572 470 770 514 compositis}
781 472 979 514 praemissus3
1002 477 1036 506 et
1050 483 1122 516 quae
1139 472 1289 517 mysteria
1309 472 1343 505 in
1360 473 1620 518 quinquagesimo

413 531 549 553 numero
563 527 566 562 J
583 524 812 564 comprehensa
835 525 850 553 Ρ
877 522 1051 565 Quomodo
1086 523 1219 556 navidis
1249 524 1432 568 exemplum
1468 526 1624 569 agendam

410 574 634 616 poenitentiam
658 574 793 613 doceat3
813 585 950 619 quamve
972 575 1193 620 multipliciter
1214 578 1387 612 mundetur
1400 579 1472 622 quis
1491 579 1535 612 ab
1551 579 1618 613 ini-

410 626 534 670 quitate
547 629 561 659 ?
1681 633 1719 665 25

369 691 478 724 Gna-r
496 691 558 724 IX.
564 691 719 726 ‘Paucos'
722 704 793 726 cum
812 694 916 726 David
933 701 1063 739 peccata
1091 706 1147 729 sua
1164 706 1356 740 agnoscere,
1372 697 1438 730 imo
1450 697 1560 741 plures
1580 698 1621 732 de

410 745 473 778 illis
484 746 632 789 gloriari3
646 748 821 790 sapientem
836 748 943 782 delicti
956 749 1005 782 sui
1017 761 1183 794 nunquam
1195 751 1358 794 deponere
1369 752 1576 790 memoriam,
1589 757 1623 786 et

409 805 529 842 quanta
543 800 815 845 sit2conscientiae'
817 803 891 836 vis?
916 803 1006 836 Inter
1034 810 1200 847 peccatum
1224 810 1257 837 et
1281 805 1486 849 iniquitatem
1511 805 1624 839 discri-

366 854 398 896 ἓξ
410 864 484 886 men
501 865 590 894 esse3
608 866 712 898 quove
728 862 822 899 pacto
844 857 898 890 illa
913 857 1110 901 baptismate
1126 870 1163 892 ac
1180 859 1369 903 poenitentia
1384 859 1532 894 charitati
1549 871 1627 894 con-

406 908 516 950 juncta
531 909 699 942 deleantur
710 910 725 941 Ρ
1683 912 1754 961 28.,
1787 924 1790 927 ’

368 972 479 1005 emur
491 973 537 1005 X.
564 974 667 1007 David
681 975 755 1009 licet
770 975 893 1018 legibus
910 976 1058 1009 humanis
1076 977 1213 1012 liberum
1223 1004 1230 1017 ‚
1245 990 1278 1013 se
1296 986 1401 1014 tamen
1414 981 1486 1013 Deo
1499 977 1606 1021 subje—

409 1027 509 1068 cisse,
522 1027 572 1060 cui
586 1029 643 1060 soli
659 1031 820 1071 peccavit:
838 1036 870 1063 et
886 1037 965 1074 quot
980 1032 1081 1065 modis
1093 1033 1241 1067 ultimum
1264 1035 1327 1069 hoc
1342 1033 1611 1077 intelligendum?

409 1081 563 1123 Magnum
578 1082 700 1123 scelus,
717 1089 872 1125 praesente
885 1085 971 1121 Deo.
986 1096 1134 1128 peccare;
1156 1088 1210 1131 qui
1228 1095 1427 1131 peccatorem
1443 1099 1477 1121 se
1490 1092 1602 1131 neget,

411 1135 569 1167 mendacii
588 1137 629 1168 ab
648 1147 686 1169 eo
701 1138 838 1171 accusari
858 1138 961 1182 ipsum
981 1141 1104 1180 Deum,
1121 1141 1210 1184 cujus
1223 1143 1376 1186 patientia
1388 1148 1421 1177 et
1431 1141 1610 1176 moderatio

412 1189 673 1227 commendatur,
691 1190 730 1222 ad
743 1190 811 1224 haec
823 1192 926 1225 Deum
938 1193 979 1226 ab
995 1194 1051 1227 illo
1068 1194 1165 1228 etiam
1174 1195 1358 1238 justificari,
1374 1196 1429 1240 qui
1449 1196 1606 1240 poeniten·

412 1243 489 1275 tiam
504 1249 575 1284 agat
589 1246 718 1277 erroris.
1688 1249 1730 1280 32

369 1296 481 1328 Cnur
497 1298 562 1330 XI.
588 1298 760 1341 Prophetae
774 1301 880 1333 verbis
905 1302 1012 1335 doceri
1028 1326 1038 1342 ‚
1062 1304 1116 1346 qui
1135 1303 1167 1336 in
1186 1304 1359 1348 iniquitate
1374 1315 1439 1337 non
1462 1303 1624 1347 concipia-

413 1356 487 1391 tur,
504 1362 571 1384 esse
584 1352 758 1386 neminem.
776 1354 895 1387 Utrum
909 1362 1081 1399 parentum
1091 1368 1130 1390 an
1143 1358 1242 1401 prolis
1249 1368 1286 1391 ea
1301 1358 1343 1391 sit
1353 1357 1522 1402 iniquitas,
1535 1368 1552 1390 a
1564 1368 1626 1402 qua

414 1404 498 1438 solus
511 1406 682 1439 Christus
675 1408 824 1441 immunis
839 1409 933 1442 fuisse
941 1411 1147 1445 ostenditur?
1688 1411 1727 1442 35

370 1457 479 1490 Cum
505 1460 590 1491 XII.
618 1460 797 1495 Confitenti
823 1468 993 1506 peccatum
1020 1465 1161 1499 coelestia
1179 1471 1378 1500 sacramenta
1392 1465 1549 1500 divinitus
1569 1476 1626 1510 pa-

416 1511 539 1550 tefieri3
566 1525 638 1546 cum
662 1514 730 1547 haec
764 1515 887 1549 incerta
922 1518 955 1549 in
994 1518 1119 1552 Psalmo
1154 1520 1325 1558 dicuntur,
1359 1519 1532 1563 significari
1562 1530 1628 1552 non

416 1578 480 1600 esse
501 1569 687 1609 manifesta3
713 1570 768 1603 sed
781 1573 940 1616 praecipue
963 1573 1025 1607 hoc
1041 1575 1113 1608 loco
1128 1575 1330 1619 baptismatis
1344 1577 1508 1609 lavacrum
1524 1573 1630 1620 praess-

416 1623 533 1664 gurari.
1690 1631 1731 1674 37

374 1676 484 1709 Cutr
505 1678 608 1710 XIlI.
637 1680 820 1723 DavidJsolo
836 1681 952 1716 futurae
965 1684 1160 1718 remissionis
1175 1685 1285 1719 auditu
1301 1690 1460 1719 recreatus
1473 1708 1482 1724 ‚
1495 1686 1527 1718 so
1535 1696 1571 1718 re
1582 1690 1623 1719 ut.

416 1743 484 1764 ossa
511 1733 677 1768 humiliata
699 1737 861 1775 exultent,
890 1739 1052 1782 praedicit3
1081 1745 1115 1773 et
1140 1750 1211 1784 quae
1228 1740 1293 1773 sint
1321 1740 1374 1773 illa
1389 1741 1404 1772 Ρ
1428 1740 1617 1783 Rogandum

418 1785 524 1818 Deum
540 1792 576 1819 ut
590 1787 701 1821 faciem
717 1796 841 1824 avertat
857 1802 874 1824 a
888 1793 1024 1835 peccatis
1049 1794 1183 1832 nostris,
1211 1794 1299 1826 illam
1311 1804 1389 1826 vero
1403 1793 1444 1826 ad
1464 1804 1523 1826 nos
1539 1804 1618 1826 con-

418 1846 540 1878 vertam
555 1842 630 1875 item
647 1843 730 1877 sicut
743 1851 923 1888 peccatum,
938 1847 980 1880 ita
994 1853 1025 1880 et
1042 1847 1264 1891 iniquitatem,
1280 1857 1351 1891 quae
1364 1846 1432 1890 ejus
1443 1848 1536 1890 origo
1546 1852 1610 1890 est,

419 1895 537 1938 triplici
553 1898 677 1931 ratione
701 1899 791 1939 tolli,
815 1911 887 1944 quae
904 1901 1059 1944 aperitur.
1696 1903 1738 1945 39
1768 1933 1773 1938 -

375 1958 488 1992 Cum·
504 1961 600 1994 xlv.
624 1963 691 1995 Cor
714 1966 869 1997 mundum
886 1966 962 1998 solis
986 1966 1088 1999 inesse
1105 1966 1279 2001 renovatis:
1309 1971 1406 2008 atque
1436 1964 1516 1998 inibi
1543 1975 1632 2008 quae-

419 2024 494 2046 nam
520 2014 584 2047 sint
609 2015 747 2055 viscera,
770 2018 881 2061 quisve
910 2019 1058 2062 spiritus,
1089 2029 1229 2063 quorum
1246 2020 1307 2052 hoc
1324 2019 1385 2052 loci
1411 2025 1537 2052 sanctus
1557 2019 1633 2052 Pro-

421 2068 518 2110 pheta
533 2071 700 2103 meminit?
714 2072 872 2105 Aversum
886 2074 1016 2106 Domini
1033 2075 1169 2111 vultum,
1187 2074 1290 2116 gravis
1302 2073 1447 2116 supplicii
1464 2074 1535 2105 loco
1548 2083 1634 2110 essm

420 2127 453 2155 et
466 2125 629 2166 quomodo
646 2125 730 2158 idem
740 2137 756 2158 a
774 2127 920 2168 faciesne
936 2128 1111 2171 projiciat?
1126 2128 1341 2161 Atrocissimae
1356 2128 1431 2160 buic
1446 2138 1550 2171 poenae
1562 2126 1632 2168 qui-

420 2186 495 2208 nam
511 2177 668 2210 obnoxii?
692 2178 766 2213 Post
784 2192 856 2223 quae
882 2182 1028 2214 nonnihil
1044 2182 1271 2224 perstringitur
1288 2182 1328 2214 de
1342 2182 1494 2215 libertate
1504 2192 1545 2214 'ac
1557 2181 1634 2213 uni-

421 2235 488 2262 tate
503 2232 677 2265 voluntatis
693 2234 726 2266 in
739 2235 910 2269 Trinitate.
1695 2235 1739 2274 42

378 2283 488 2315 Cnur
512 2285 589 2317 XV.
615 2287 818 2321 Rationalem
842 2295 989 2322 naturam
1025 2290 1145 2323 laetitiae
1172 2290 1319 2323 salutaris
1353 2290 1629 2332 solam-capacem

421 2348 504 2376 esse,
520 2350 653 2383 eamque
673 2342 840 2385 principali
866 2344 981 2387 spiritu
1000 2345 1201 2383 confirmari3
1224 2350 1258 2377 et
1281 2345 1352 2387 quis
1375 2345 1427 2376 ille
1448 2344 1607 2386 spiritus?
1692 2343 1734 2382 45

379 2391 488 2423 ΟΑινυι·
503 2393 600 2426 XVI.
628 2395 729 2428 Periti
746 2396 886 2430 doctoris
902 2408 967 2430 esse
989 2398 1117 2441 iniquos
1138 2398 1202 2430 vias
1219 2398 1350 2430 Domini
1375 2397 1523 2431 edocere.
1539 2398 1629 2441 Quo-

422 2446 519 2478 modo
534 2447 567 2479 id
585 2453 652 2481 tum
665 2448 808 2488 Christi,
826 2457 893 2484 tum
909 2452 1042 2484 Davidis
1059 2463 1201 2495 personas
1218 2451 1492 2489 accommodetur:
1511 2451 1629 2494 quidve

423 2501 552 2535 liberari
570 2515 602 2536 se
618 2506 656 2537 dc
672 2506 878 2548 sanguinibus
899 2513 971 2539 oret
990 2507 1151 2549 Propheta
1168 2507 1181 2537 ἰ)
1396 2532 1403 2538 .
1696 2506 1738 2543 46
1792 2531 1794 2537 -=

378 2557 491 2590 Cum
507 2559 625 2605 XVII.
652 2561 810 2593 Davidem
834 2561 940 2594 verbis
960 2562 1023 2594 suis
1048 2566 1215 2604 peccatum
1237 2560 1296 2593 sibi
1323 2559 1484 2591 dimissum
1509 2559 1630 2602 signifi-

421 2622 513 2651 care,
539 2624 612 2646 cum
627 2615 714 2647 Deus
739 2615 899 2658 peccatori
913 2626 948 2648 os
967 2615 1123 2649 occludat.
1143 2615 1264 2648 Eadem
1278 2613 1375 2646 verba
1388 2613 1485 2646 etiam
1502 2613 1642 2646 Christo*

431 2666 619 2705 convenire,
648 2667 771 2710 quippe
796 2670 849 2712 qui
878 2679 970 2702 verus
997 2669 1036 2701 sit
1065 2669 1189 2706 David,
1223 2680 1239 2701 a
1269 2679 1333 2711 quo
1359 2667 1464 2700 futura
1493 2667 1636 2710 gentium
