1774 3268
340 292 396 326 μ
892 289 926 318 s.
963 288 1156 317 nmnosu

333 371 455 429 quod
476 385 563 412 non
589 370 728 413 solent
750 383 883 426 reges.
918 366 1146 409 Confessus
1165 373 1230 409 est
1256 366 1448 424 culpam,
1471 366 1713 428 obsecravit
1773 410 1774 425 ¹

331 441 644 499 indulgentiam
660 473 671 489 ,
691 439 808 482 humi
825 446 981 480 stratus
1001 437 1236 495 deploravit
1257 440 1490 479 :erumnam
1505 470 1516 487 ,
1538 437 1710 496 ieiuna-

334 510 421 561 vit,
443 511 598 560 oravit,
623 508 897 553 consessionis
919 523 1004 550 suae
1031 507 1320 549 testimonium
1337 507 1380 550 in
1403 515 1710 568 perpetuasae-

333 582 437 625 cula
469 583 637 639 vulgato
670 580 817 622 dolore
847 577 1089 621 transmisit.
1134 578 1262 629 Quod
1289 578 1549 623 erubescunt
1571 580 1712 626 facere

334 651 517 709 privati,
542 666 616 693 rex
642 665 727 692 non
759 648 932 692 erubuit
956 646 1165 690 confiteri.
1200 647 1285 699 Qui
1310 655 1510 693 tenentur
1527 650 1709 709 legibus,

341 722 498 776 audent
527 735 652 762 suum
684 735 838 777 negare
873 726 1127 776 peccatum,
1161 718 1446 776 dedignantur
1467 734 1616 779 rogare
1645 722 1713 765 in·-

335 790 602 847 dulgentiam
626 822 638 839 ,
668 805 795 846 quam
825 789 1000 846 petebat
1029 788 1101 845 qui
1134 788 1261 831 nullis
1293 790 1458 848 legibus
1487 793 1714 836 tenebatur

334 858 548 902 humanis.
579 859 707 910 Quod
731 858 941 916 peccavit,
966 858 1222 901 conditionis
1244 867 1308 902 est
1330 874 1343 903 ε
1367 862 1484 919 quod
1506 862 1715 922 supplica·-

338 929 424 978 vit,
450 929 743 973 correctionis.
771 928 936 986 Lapsus
958 929 1219 979 eommunis,
1247 932 1323 973 sed
1338 933 1530 990 specialis
1555 933 1715 978 confes-

336 999 415 1042 sio.
441 999 619 1057 Culpam
638 1000 778 1056 itaque
795 998 1006 1049 incidisse,
1033 1007 1195 1043 naturae
1208 993 1300 1043 est':
1318 998 1507 1052 diluisse,
1527 999 1707 1065 virtutis.

349 1087 369 1110 a
392 1070 499 1122 Quis
529 1071 753 1128 gloriatur,
788 1070 952 1128 inquit,
985 1079 1148 1114 castum
1179 1087 1224 1114 se
1248 1072 1407 1116 habere
1432 1073 1594 1116 cor‘i'»
1625 1075 1712 1119 Nec

338 1141 466 1183 unius
496 1141 577 1184 diei
608 1140 745 1183 infans
777 1142 965 1184 mundus
994 1156 1085 1184 esse
1111 1141 1344 1201 Scripturae
1372 1144 1617 1189 testimonio
1631 1145 1714 1189 fle—

334 1211 565 1254 claratur2.
1695 1238 1698 1241 ’

398 1283 511 1326 XVI.
548 1283 610 1326 Da
631 1283 735 1326 mihi
754 1284 937 1341 aliquem
962 1284 1051 1327 sine
1068 1285 1339 1344 prolapsione
1356 1287 1514 1331 delicti.
1539 1287 1714 1332 Validis-

338 1353 469 1396 simus
507 1354 695 1396 omnium
734 1354 915 1397 Samson
946 1355 1117 1413 legitur,
1153 1357 1226 1414 qui
1261 1358 1430 1401 leonem
1464 1358 1594 1402 etiam
1627 1358 1713 1402 suis

337 1425 535 1467 manibus
565 1425 841 1482 strangulavit
865 1440 875 1467 t
910 1426 985 1468 sed
1015 1426 1179 1469 utinam
1211 1442 1401 1471 amorem
1428 1435 1558 1472 suum
1578 1428 1714 1472 suffo—

337 1509 437 1539 care
453 1496 669 1554 potuisset.
694 1496 848 1540 Messes
871 1495 1061 1539 incendit
1077 1496 1426 1556 Allophylorum,
1447 1508 1488 1542 et
1509 1500 1596 1559 ipse
1614 1504 1715 1543 mui-
1758 1545 1761 1550 ,

336 1566 453 1610 lieris
469 1567 593 1610 unius
615 1567 715 1610 arsit
734 1566 962 1626 igniculo³.
989 1568 1147 1626 Jephte
1169 1570 1306 1612 victor
1328 1572 1380 1613 ab
1404 1571 1527 1614 hoste
1549 1576 1714 1616 remea-

337 1637 398 1680 vit
429 1652 440 1680 τ
471 1640 546 1680 sed
587 1638 735 1681 vexilla
772 1637 958 1680 reserens
1000 1630 1272 1697 triumphalia
1294 1671 1306 1690 ‚
1349 1655 1426 1683 suo
1466 1636 1603 1684 victus
1649 1650 1714 1687 est

339 1716 622 1757 sacramento,
642 1716 690 1751 ut
707 1708 907 1767 pietatem
928 1710 1195 1752 occurrentis
1210 1709 1305 1753 filiae
1322 1712 1715 1769 parricidio-remu-

336 1778 573 1820 nerandam
605 1787 786 1837 putaret.
825 1778 1015 1822 Primum
1043 1780 1235 1824 omnium
1263 1781 1368 1840 quid
1395 1798 1501 1841 opus
1525 1772 1604 1827 suit
1627 1791 1714 1828 tam

338 1847 463 1891 facile
479 1849 640 1906 jurare,
659 1858 701 1892 et
721 1849 880 1892 incerta
895 1865 1047 1893 vovere
1071 1866 1147 1910 pro
1166 1852 1310 1902 certis,
1328 1868 1510 1911 quorum
1531 1855 1716 1901 nesciret

339 1920 571 1962 eventum?
596 1920 760 1963 Deinde
781 1922 837 1963 ad
854 1921 957 1978 quid
979 1931 1243 1965 sacramenta
1266 1923 1400 1967 tristia
1419 1924 1604 1968 Domino
1623 1925 1713 1969 Deo

339 1990 506 2039 reddit,
537 1998 586 2032 ut
604 1991 790 2034 cruentis
808 1993 940 2034 solvat
961 2007 1033 2034 sua
1059 2001 1153 2035 vota
1177 1993 1431 2037 funeribus?

398 2058 533 2103 XVII.
571 2061 658 2104 Nec
677 2062 728 2104 de
745 2063 1036 2105 sacerdotibus
1051 2063 1265 2110 silendum
1280 2065 1478 2116 arbitror,
1497 2081 1552 2109 ne
1567 2075 1712 2111 nostra

337 2129 483 2173 videar
514 2131 779 2174 dissimulare
806 2133 973 2176 delicta.
1010 2132 1153 2176 Aaron
1180 2135 1270 2194 ipse
1296 2144 1489 2180 summus
1514 2139 1712 2182 sacerdos

342 2200 456 2257 (quo
479 2201 587 2244 duce
609 2203 767 2260 pariter
790 2218 839 2246 ae
860 2204 1027 2262 Moyse,
1046 2205 1243 2249 Rubrum
1269 2208 1398 2265 pedes
1419 2222 1538 2251 mare
1558 2208 1715 2253 transi-

339 2269 400 2312 vit
434 2272 616 2328 populus
655 2272 958 2330 Hebraeorum)
994 2284 1166 2334 rogatus
1201 2292 1223 2320 a
1254 2278 1380 2335 plebe
1415 2286 1465 2321 ut
1500 2280 1601 2322 deos
1632 2278 1713 2323 sibi

339 2338 498 2383 faceret
520 2356 626 2399 quos
650 2345 903 2395 adorarent,
926 2361 1078 2389 aurum
1099 2347 1321 2429 poposcit,
1344 2348 1388 2392 in
1409 2348 1550 2409 ignem
1573 2333 1708 2401 misit,

339 2418 384 2453 et
415 2420 543 2469 caput
571 2413 693 2456 vituli
721 2414 951 2474 figuratum
975 2426 1064 2468 est,
1095 2418 1166 2462 cui
1193 2428 1293 2464 sunt
1319 2421 1460 2465 oblata
1485 2421 1705 2466 sacrificia.

338 2480 437 2532 Quo
459 2481 616 2526 indicio
639 2485 792 2529 claruit
814 2488 905 2530 auri
926 2489 1205 2547 cupiditatem
1228 2491 1458 2555 materiam
1472 2506 1564 2536 esse
1588 2491 1712 2552 perfi-

335 2549 436 2602 diae,
467 2561 511 2596 et
532 2554 714 2599 avaritiae
733 2557 874 2602 studio
906 2560 1100 2619 sacrilegi
1104 2575 1127 2604 a
1151 2549 1287 2606 solere
1310 2557 1517 2622 generari.
1547 2563 1712 2609 lterum

382 2650 397 2669 ¹
418 2643 512 2678 Prov.
530 2657 587 2685 xx,
605 2658 639 2691 9.
660 2649 823 2684 -nsob.
840 2660 906 2689 nv,
918 2652 952 2686 ⁵.
969 2669 1010 2678 —
1027 2651 1168 2688 undio.
1186 2664 1254 2695 xiv,
1270 2660 1305 2690 et
1319 2665 1412 2702 seqq
