1794 3256
404 331 642 360 naun-io
674 331 715 359 lx
750 329 936 358 1511111111
967 330 1083 359 uin.
1346 317 1433 378 389

68 410 165 466 ideo
191 418 320 469 capnt
338 424 488 462 eorum
518 426 604 454 non
625 410 704 454 suit
734 410 941 453 Christus.
976 409 1070 452 Non
1091 418 1184 453 erat
1198 410 1327 454 etiam
1348 411 1437 456 Lex

70 489 198 540 caput
219 496 367 527 eornm
384 514 395 531 ‚
427 483 524 539 quia
544 482 865 542 exspoliabantur
883 490 929 535 et
945 481 1057 542 Lege
1077 496 1100 523 a
1121 481 1279 540 populo
1300 482 1438 526 natio-

69 566 187 596 num.
209 552 302 596 Non
323 552 401 595 suit
413 553 477 595 his
496 561 626 612 caput
648 553 833 596 Verbum
847 551 949 600 Dei;
971 551 1072 610 quia
1093 551 1322 594 amiserant
1336 567 1440 611 pro-

71 621 220 680 phetas
236 655 248 671 .
268 630 312 665 et
323 621 546 681 Apostolos
566 638 654 666 non
673 622 901 665 habebant.
922 621 1020 665 Hoc*
1034 621 1087 665 de
1108 622 1436 681 reprehensibili

72 692 358 735 commotione
372 693 519 752 capitis
540 693 701 736 dictum
718 693 784 736 sit.
811 693 887 736 Est
903 701 1046 736 tamen
1062 698 1107 735 01
1124 693 1351 736 laudabilis
1372 709 1440 737 ca-

66 757 171 822 *pitis
191 764 444 807 commotio:
472 763 816 823 reprehensibilis
829 761 988 818 Judaeis
1001 795 1013 812 ‚
1034 763 1260 806 laudabilis
1280 765 1442 824 populo

73 833 307 877 nationum.
327 833 446 887 Quid
465 842 529 877 est
549 834 664 876 enim
688 841 841 892 caput,
865 833 946 876 0151
968 833 1013 876 10
1032 849 1118 891 quo
1140 849 1287 878 5005115
1304 843 1408 879 sunt
1424 836 1445 876 ?

74 903 200 949 Oculi
213 905 328 948 enim
353 905 552 964 sapientis
573 906 615 948 in
635 905 772 964 capite
793 905 912 963 ejus;
944 920 1050 963 quos
1081 906 1244 949 moveri
1275 915 1446 966 oportet

75 967 254 1026 0011105,
278 975 323 1018 id
342 984 431 1027 est,
454 977 609 1020 mentis
631 985 714 1019 tuae
745 991 918 1025 sensus,
940 991 995 1019 ne
1016 975 1156 1034 aliquo
1184 984 1359 1037 torpore
1377 978 1446 1036 pi-

75 1055 284 1106 grescant.
309 1047 432 1091 Move
451 1063 552 1107 ergo
575 1047 847 1107 prudentiam
859 1055 976 1090 tuam
990 1078 1003 1097 ,
1024 1062 1150 1091 move
1168 1041 1418 1106 sapientiam
1430 1081 1444 1098 ‚

68 1133 199 1162 ‚move
222 1119 498 1177 cogitationes
527 1127 620 1162 tuas
649 1119 886 1161 coelestium
917 1119 1146 1161 collatione
1171 1134 1445 1170 sermonum,

75 1182 121 1232 et
137 1185 487 1248 propheticorum
502 1189 787 1248 disputatione
799 1179 1065 1242 ‘verborumss
1094 1188 1152 1231 ita
1173 1196 1223 1231 ut
1236 1180 1324 1232 non
1341 1205 1437 1250 pec-

67 1260 152 1316 sces
171 1257 217 1301 in
230 1257 502 1301 Testamento
516 1258 620 1307 Dei,
647 1259 723 1301 sed
743 1257 849 1301 fides
867 1256 991 1300 firma
1011 1257 1078 1301 sit.
1101 1258 1213 1302 Sunt
1232 1255 1349 1303 enim
1365 1260 1449 1304 hae-

77 1329 202 1378 retici
230 1329 303 1387 qui
329 1337 504 1390 movent
526 1345 674 1372 5005115
710 1345 830 1379 5005;
852 1338 901 1372 ut
926 1328 1154 1388 perfidiam
1169 1338 1338 1382 tamen,
1361 1347 1450 1377 non

76 1399 206 1444 fidem
225 1399 424 1444 excitent.
630 1391 634 1393 “
1054 1398 1056 1401 ’

102 1521 104 1523 ,
133 1468 271 1514 LXII.
298 1469 386 1513 Sed
403 1469 492 1527 jam
521 1469 759 1528 expressius
780 1471 834 1512 de
866 1470 954 1529 ipsa
985 1466 1134 1529 capitis
1163 1466 1453 1517 commotione

76 1555 171 1600 quae
191 1540 236 1582 in
255 1539 575 1583 similitudinem
588 1540 734 1599 populi
746 1549 811 1583 est
825 1541 986 1598 posita,
1005 1541 1235 1585 dicendum
1245 1551 1323 1586 est.
1345 1544 1454 1596 Quis

9 1649 12 1651 Α
76 1619 142 1654 051
161 1619 290 1669 caput
306 1605 594 1670 populorumj
609 1611 691 1654 nisi
712 1610 910 1654 Christus
926 1611 945 1652 Ρ
968 1610 1107 1671 Caput
1128 1613 1243 1656 enim
1262 1599 1453 1658 mulieris

21 1725 25 1727 ,
76 1681 162 1737 vir,
190 1689 319 1739 caput
328 1681 407 1725 viri
423 1680 628 1724 Christus.
654 1680 741 1724 Sed
761 1690 806 1724 et
815 1681 904 1724 Lex
919 1690 1049 1740 caput
1065 1683 1337 1742 intelligibilis
1351 1700 1452 1727 mu-

7 1786 16 1814 3
72 1748 203 1798 lieris.
227 1752 422 1810 Denique
442 1752 521 1795 sub
540 1752 653 1811 Lege
667 1760 869 1810 tanquam
885 1753 964 1795 suh
979 1753 1071 1796 viro
1083 1763 1147 1797 051
1163 1748 1356 1814 populus
1371 1756 1399 1799 J
1403 1772 1449 1800 u-

0 1832 19 1875 ζ
78 1825 268 1867 (11001010
281 1840 296 1872 ;
317 1823 416 1880 quia
435 1822 523 1866 Lex
541 1828 642 1876 νόμος
673 1821 840 1865 dicitur'
857 1838 1017 1881 graece;
1044 1832 1087 1866 et
1107 1824 1204 1867 ideo
1226 1825 1450 1887 Synagoga

8 1896 20 1939 P
75 1892 168 1952 ὶὸμῳ
181 1893 301 1952 quasi
320 1895 507 1937 masculo
533 1895 729 1952 copulata
757 1902 844 1943 est,
868 1893 945 1936 sed
964 1893 1065 1952 Legi
1094 1897 1333 1954 corporali,
1362 1912 1451 1940 non

78 1959 255 2025 spiritali
269 1981 282 2013 ;
311 1964 397 2007 hoc
429 1972 509 2013 est,
532 1963 633 2005 ritui
656 1963 780 2022 Legis
798 1963 992 2021 judaico,
1017 1965 1140 2022 cujus
1167 1966 1348 2010 vinculis
1367 1967 1453 2011 illi-

79 2045 174 2096 gata
184 2043 276 2085 esb,
297 2034 475 2094 legitimi
494 2034 688 2077 nesciens
714 2043 977 2078 sacramenta
1008 2037 1213 2095 conjugii.
1240 2037 1284 2080 Si
1307 2046 1453 2082 autem

78 2115 247 2171 mortua
264 2105 392 2150 fuerit
412 2100 525 2153 Lex',
555 2105 639 2148 hoc
672 2112 757 2153 051,
783 2105 906 2163 Legis
926 2105 1220 2165 interpretatio
1249 2123 1455 2168 corpora-

0 2212 3 2220 1
79 2178 156 2226 lis,
199 2186 303 2220 tunc
339 2177 459 2235 plebs
493 2176 613 2233 quasi
649 2183 820 2218 mortuo
855 2176 1039 2235 conjuge
1067 2178 1209 2235 priore
1227 2172 1456 2237 {legitime

82 2249 217 2292 nubet
244 2247 433 2290 secundo
454 2247 567 2296 viro,
588 2246 659 2304 qui
680 2262 734 2288 ex
754 2247 933 2289 mortuis
953 2249 1197 2307 resurrexit.
1234 2250 1308 2293 Est
1325 2251 1455 2294 etiam

82 2325 210 2378 caput
252 2316 441 2360 mulieris
483 2315 612 2373 hujus
646 2317 922 2374 Evangelium
960 2317 1071 2376 (56).
1121 2319 1242 2362 Unde
1281 2321 1455 2377 quidam

82 2387 262 2446 mystice
293 2385 583 2445 interpretati,
625 2385 885 2430 mortificato
906 2387 990 2430 ritu
1016 2387 1215 2445 judaico,
1253 2398 1456 2448 tanquam

81 2457 200 2501 fratri
227 2455 417 2500 defuncti
448 2456 676 2515 Evangelio
713 2457 937 2500 mulierem
958 2474 1054 2502 eam
1076 2460 1243 2503 nubere
1275 2476 1326 2503 ex
1344 2461 1458 2521 Lege

83 2531 333 2577 volnerunt;
354 2527 452 2586 quia
474 2526 561 2570 Lex
578 2528 893 2572 annuntiaverit
903 2529 1201 2588 Evangelium.
1217 2531 1321 2575 ideo
1339 2533 1459 2591 prior

85 2600 172 2645 Lex
190 2598 278 2648 vir,
299 2606 446 2658 postea
466 2597 642 2641 secundi
676 2598 754 2642 viri
785 2598 970 2658 nuptiae,
993 2599 1078 2642 hoc
1112 2600 1201 2651 est,'
1235 2601 1457 2662 Evangelii

89 2675 349 2722 sacramenta
363 2676 474 2719 50111,
495 2668 590 2713 Duo
609 2669 724 2716 enim
742 2669 860 2731 quasi
877 2670 1074 2739 conjugia
1088 2704 1100 2725 ,
1124 2674 1210 2723 duo
1231 2683 1333 2725 511111
1354 2675 1460 2734 Τοξ-
