1794 3256
347 270 436 316 316
902 289 932 321 s.
973 286 1168 322 Amanosn
1188 302 1190 304 μ

345 363 501 408 suffixit
524 366 644 411 cruci
663 382 674 411 x
699 368 818 426 quasi
838 369 1043 428 sapientia
1069 369 1207 413 sciens
1232 370 1447 429 quomodo
1469 379 1593 416 vetus
1609 370 1723 434 pide-r

345 444 490 480 catum
510 438 661 481 mundi
682 441 894 483 solveret:
918 441 1036 498 quasi
1056 442 1314 500 redemptio,
1339 443 1552 500 quomodo
1572 443 1718 505 homi-

310 541 327 544 -
341 521 443 550 nem
460 517 685 552 renovaret
702 524 725 553 a
747 512 874 570 culpa
893 525 902 553 ε
923 510 1042 569 quasi
1064 508 1716 572 sanctificatio,-quomodo-eum

346 578 632 623 sanctificaret
648 582 702 623 ad
721 581 913 660 gratiam.
934 581 1014 624 Hic
1030 597 1130 640 ergo
1152 583 1319 633 titulus,
1339 583 1421 627 hoc
1437 582 1710 644 principium.

406 649 460 692 II.
498 666 514 689 α
526 649 681 694 Beatus
701 651 772 709 qui
789 649 987 710 intelligit
998 668 1124 711 super
1139 668 1319 712 egenum
1333 663 1378 698 et
1396 655 1707 714 Ρειιρθτθιι]“.»

343 718 473 779 Aperi
497 735 619 764 aures
641 729 758 772 tuas,
786 722 859 780 qui
887 723 1037 781 incipis
1064 733 1328 768 sacramenta
1358 724 1581 769 dominicae
1612 739 1718 789 cog-

343 803 521 833 noscere
542 791 759 849 passionis.
787 794 887 836 Ideo
909 793 986 836 tibi
1006 794 1184 838 dicitur:
1202 812 1218 834 α
1234 796 1319 848 Qui
1343 788 1487 839 habet
1496 812 1616 840 aures
1639 810 1719 840 au·-

344 876 362 900 w
377 860 544 911 diendi,
569 862 712 906 audiat
731 861 763 907 ².
796 864 928 907 »Ideo
950 865 1078 907 surdo
1104 865 1162 907 illi
1188 875 1230 909 et
1248 874 1367 909 muto
1388 882 1510 910 aures
1531 875 1574 911 et
1603 866 1719 910 labia

347 930 487 989 tetigit
514 931 724 975 Dominus
757 933 800 976 in
826 934 1085 993 Evangeli03
1117 943 1165 979 ut
1194 936 1322 979 sciret
1347 937 1459 995 quid
1482 936 1683 980 audiret'
1670 950 1718 979 m

345 1000 575 1057 mysterio,
600 1002 703 1059 quid
725 1003 852 1046 etiam
882 1005 1153 1062 loqueretur,
1181 1014 1224 1049 et
1253 1009 1422 1064 quando
1451 1009 1711 1065 loqueretur.

345 1068 495 1127 Neque
521 1071 636 1115 enim
658 1073 791 1116 otiose
817 1074 1024 1133 scriptum
1055 1084 1153 1119 est·
1188 1094 1204 1116 (ι
1230 1077 1440 1120 Dominus
1464 1069 1570 1120 mihi
1600 1076 1719 1120 dedit

346 1140 565 1200 »linguam
592 1145 868 1195 eruditionis3
888 1154 936 1189 ut
959 1147 1113 1190 scirem
1134 1150 1305 1205 quando
1332 1157 1528 1208 oporteat
1554 1161 1717 1191 sermo-

344 1226 474 1254 »nem
497 1212 673 1257 dicere⁸
680 1246 690 1258 .
721 1215 871 1260 »Scire
891 1232 992 1275 ergo
1022 1219 1151 1261 debes
1172 1220 1274 1276 quid
1294 1220 1463 1271 audias,
1488 1219 1597 1263 scire
1613 1218 1719 1300 quid

345 1281 462 1338 loqui
478 1283 651 1335 debeas,
670 1286 778 1330 scire
797 1287 924 1330 eliam
947 1290 1117 1345 quando
1139 1290 1256 1347 loqui
1272 1291 1440 1333 debeas.

403 1352 476 1396 III.
515 1354 628 1398 Audi
657 1371 758 1414 ergo
782 1357 1025 1401 dicentem:
1044 1376 1059 1398 α
1081 1357 1238 1402 Beatus
1262 1361 1334 1417 qui
1365 1360 1562 1419 intelligit
1588 1374 1720 1419 super

344 1437 559 1481 »egenum
586 1434 628 1468 et
654 1442 900 1485 pauperem.
938 1446 955 1468 ι)
977 1429 1132 1471 Beatus
1160 1429 1331 1486 quidem
1357 1430 1428 1487 qui
1459 1429 1722 1488 compatitur

341 1494 520 1551 pauperi
536 1527 547 1544 ,
566 1495 640 1552 qui
660 1496 801 1539 haurit
817 1496 910 1554 ejus
926 1497 1215 1547 necessitates,
1241 1499 1320 1541 scit·
1335 1499 1438 1556 quid
1453 1499 1552 1542 mali
1575 1499 1718 1557 inopia

314 1605 323 1608 ,,
343 1562 492 1606 afferat
512 1565 742 1623 indigenti:
769 1569 843 1610 sed
864 1567 967 1625 quid
987 1568 1066 1611 sibi
1088 1570 1179 1612 vult
1201 1569 1315 1613 istud
1331 1558 1552 1614 exordium
1569 1570 1611 1613 in
1627 1571 1719 1614 Do·

341 1632 448 1675 mini
470 1628 696 1693 passione?
711 1637 871 1682 Verum
891 1646 954 1682 est
981 1640 1154 1697 quidem
1177 1643 1293 1698 quod
1313 1650 1488 1700 propter
1508 1639 1722 1701 pauperes

342 1716 493 1760 passus
514 1714 577 1750 est
599 1724 611 1758 3
641 1709 715 1751 sed
737 1716 879 1755 tamen
900 1710 989 1768 ipse
1015 1711 1223 1769 corripuit
1242 1707 1399 1755 Judam
1425 1710 1639 1756 dicentem
1655 1711 1721 1764 *de

315 1817 320 1820 .
343 1775 417 1819 illo
440 1787 683 1836 unguento,
708 1783 824 1838 quod
839 1781 1049 1825 effuderat
1071 1783 1204 1826 maria
1225 1799 1352 1841 super
1371 1783 1511 1843 pedes
1524 1781 1681 1828 Christi
1701 1796 1717 1826 ι

315 1889 318 1891 .
353 1862 371 1885 «
386 1847 528 1891 Potuit
551 1850 635 1892 hoc
656 1852 908 1894 venumdari
930 1854 1132 1896 trecentis
1160 1855 1359 1904 denariis,
1378 1864 1418 1898 et
1439 1852 1717 1914 dari‘paupe-

342 1915 492 1975 »ribus
507 1917 538 1960 ¹⁸.
561 1919 710 1962 »Idem
728 1929 772 1963 et
797 1921 940 1964 caeteri
968 1921 1161 1980 Apostoli
1181 1932 1398 1968 senserant
1417 1957 1429 1974 ‚
1457 1921 1637 1969 sed‘alio
1660 1924 1719 1967 af-

341 1984 460 2037 fectu
482 2002 492 2030 :
521 1988 590 2031 ille
615 2004 692 2047 per
722 1991 966 2043 avaritiam,
997 1992 1065 2035 isti
1092 2009 1169 2051 per
1196 1994 1560 2044 misericordianu
1583 1995 1721 2038 Judas

340 2056 455 2099 enim
471 2057 586 2101 furto
600 2060 900 2119 prospiciebat,
919 2063 1125 2124 Discipuli
1137 2079 1373 2123 pauperum
1389 2066 1599 2109 alimoniae
1615 2080 1716 2109 con-

341 2129 548 2172 sulebant.
579 2130 747 2182 Quibus
770 2131 813 2174 in
835 2147 1064 2177 commune
1084 2136 1303 2193 respondit
1325 2151 1335 2178 :
1368 2128 1543 2186 {Sinite
1565 2137 1679 2179 illam
1695 2168 1712 2186 ,

321 2206 420 2246 rut
452 2198 495 2241 in
529 2199 596 2243 die
625 2203 854 2259 sepulturae
891 2218 997 2246 meae
1033 2214 1180 2248 servet
1198 2205 1316 2249 illud.
1354 2206 1578 2298 Pauper-es1⁵
1592 2207 1714 2250 enim

344 2284 542 2328 »semper
562 2270 728 2314 habetis
752 2273 1001 2317 vobiscum:
1017 2288 1089 2317 me
1111 2283 1252 2318 autem
1274 2291 1358 2319 non
1381 2276 1578 2336 semper⁵
1585 2308 1596 2320 .
1623 2278 1643 2318 ι’

405 2339 476 2383 IV.
511 2341 623 2400 Ergo
653 2342 758 2385 alius
776 2343 1074 2402 intelligendus
1094 2353 1159 2388 est
1173 2346 1244 2388 hic
1266 2347 1438 2397 beatus,
1460 2347 1532 2404 qui
1556 2346 1718 2390 inteni-

336 2408 406 2466 >git
417 2424 543 2468 super
557 2420 802 2471 pauperem.
818 2414 897 2457 Hic
914 2417 969 2457 <le
985 2413 1069 2458 fide
1086 2415 1204 2465 dicit,
1219 2417 1318 2459 alibi
1335 2417 1389 2459 de
1404 2415 1711 2460 misericor-dia.

341 2478 464 2523 Prior
477 2495 579 2539 ergo
596 2480 717 2534 fides,
742 2485 929 2529 secunda
947 2485 1253 2530 misericordia.
1280 2486 1387 2530 Cum
1405 2487 1506 2537 fide,
1524 2486 1716 2547 pretiosa

389 2584 501 2617 ¹Psal.
526 2596 577 2622 xx..
597 2597 627 2619 2.
661 2605 703 2612 —-
719 2588 827 2626 ²Luc-
852 2598 928 2628 vm,
948 2588 988 2628 8,
1005 2594 1039 2623 et
1065 2590 1169 2623 Marc.
1195 2601 1260 2630 vn,
1282 2591 1333 2625 ιδ.
1359 2609 1400 2619 -
1423 2593 1438 2617 ³
1466 2588 1593 2631 lsai.1.',
1615 2591 1722 2656 4.-

345 2639 478 2673 ⁴Marc.
499 2641 618 2681 x1v,5.
629 2644 701 2666 -Ι
721 2642 818 2675 Joan.
840 2653 941 2684 x11,-
923 2665 953 2687 t·
968 2643 1002 2677 8.
1675 2652 1678 2655 '
