1794 3256
375 322 467 379 ‘486
892 336 1231 369 Annon-rmum.

766 499 1012 530 ANNOTA'Tlo
1050 484 1112 544 (6)
1145 499 1240 544 pag.
1281 485 1355 554 83.

439 636 533 681 Non
557 635 735 679 dubium
777 635 880 694 quin
914 634 1127 677 alludatur
1159 634 1212 677 ad
1243 632 1547 691 candelabrum
1578 630 1742 681 Vetat-is

377 704 541 766 Legis
529 722 573 750 m
602 722 687 770 quo
718 714 840 750 erant
861 707 1047 750 lucernae
1079 712 1265 764 septem,
1304 701 1458 764 quibus
1479 685 1744 767 septiformis

377 778 511 838 gratia
531 777 665 822 sancti
684 769 867 838 Spiritus
887 775 1199 836 designabatur.

1624 815 1651 831 οὒ,

753 940 1015 971 -ΔΝΝοΤΑΤῙο
1050 923 1114 985 (7)
1147 940 1242 984 pag.
1278 914 1366 983 93.
1414 914 1417 917 Χ

435 1077 529 1123 Non
550 1077 783 1120 obscurum
814 1083 878 1119 est
909 1074 1097 1119 alludere
1117 1075 1352 1119 Auctorem
1375 1075 1431 1117 ad
1451 1073 1524 1117 illa
1549 1071 1745 1118 Jeremiae

375 1149 530 1198 verba,
559 1163 651 1207 cap.
685 1162 794 1197 xvn,
825 1163 853 1191 1.
891 1147 1129 1190 Peccatum
1148 1147 1285 1191 Judae
1304 1146 1524 1213 scgjtjptum
1551 1154 1614 1188 est
1636 1145 1746 1204 εξγὶο

375 1223 546 1280 ferreo,
567 1220 619 1261 in
639 1234 787 1280 ungue
813 1219 1140 1269 adamantino,
1168 1227 1216 1262 ut
1237 1208 1420 1277 Vulgata
1439 1199 1619 1277 praesert.
1627 1205 1746 1273 Haec

376 1300 537 1338 autem·
542 1289 670 1333 verba
687 1305 787 1333 cum
810 1289 1105 1333 desiderentur
1134 1288 1178 1332 in
1205 1304 1285 1332 Lxx
1306 1282 1640 1349 Interpretihus,
1669 1302 1747 1331 ne-

379 1378 496 1407 cesse
520 1352 649 1411 suerit
669 1369 716 1404 ut
742 1370 916 1411 auctor,
940 1361 975 1404 si
1000 1361 1173 1420 quidem
1204 1359 1454 1404 Ambrosius
1474 1351 1550 1413 me
1572 1359 1652 1410 sit,
1675 1367 1749 1403 aut

379 1434 472 1493 ejus
488 1448 645 1492 suppar
660 1431 788 1483 aetati‚
808 1447 857 1475 ea
879 1432 1071 1475 citaverit
1085 1447 1138 1475 ex
1159 1431 1239 1475 alio
1259 1431 1523 1491 Interpreta,
1547 1437 1619 1479 aut
1635 1422 1747 1474 'forte

379 1519 432 1547 ex
460 1503 655 1547 versione
683 1502 936 1554 communi,
971 1518 1064 1561 quae
1091 1502 1206 1547 varie
1231 1502 1334 1546 olim
1357 1495 1604 1562 legebatur,
1631 1494 1676 1545 οἱ
1703 1501 1747 1545 in

379 1589 507 1633 quam
544 1589 630 1618 non
663 1589 799 1633 pauca
829 1589 881 1617 ex
913 1573 1001 1617 aliis
1032 1572 1297 1617 versionibus
1328 1570 1498 1623 fuerant
1528 1579 1742 1634 congesta.

380 1645 566 1690 Consule
581 1644 726 1695 etiam,
744 1642 778 1689 si
794 1653 931 1695 vacat,
950 1660 1078 1704 super
1091 1644 1288 1690 hocloco
1305 1637 1568 1702 Nobilium..

772 1816 1021 1847 annorum
1058 1800 1121 1862 (8)
1157 1817 1253 1862 pag.
1287 1801 1362 1859 98.

443 1952 629 2011 Angelos
658 1959 756 1995 ante
781 1950 921 2009 ipsum
946 1949 1096 1992 mundi
1124 1948 1294 1992 initium
1319 1956 1488 1996 creatos
1512 1946 1630 1996 idem
1646 1946 1753 1994 Am-

386 2024 554 2069 brosius
578 2023 652 2066 lib.
684 2037 720 2066 1.
748 2021 967 2065 Hemae‘m.
999 2034 1080 2078 cap
1104 2035 1142 2063 v.
1170 2034 1288 2063 num.
1325 2034 1390 2076 19.
1421 2018 1510 2077 jam
1526 2019 1749 2067 docuerat.

382 2097 438 2140 Et
453 2102 570 2139 certe
585 2093 679 2137 haec
690 2092 819 2136 etiam
833 2092 914 2136 fuit
927 2093 1162 2135 multorum
1176 2090 1352 2135 Patrum
1369 2100 1468 2135 cum
1485 2089 1752 2142 Graeeorum.

383 2176 478 2211 tum
497 2165 746 2210 Latinorum
769 2163 991 2207 sententia.
1014 2163 1136 2206 Unde
1153 2177 1253 2205 cum
1277 2161 1756 2209 videaturvoontrarium

385 2237 513 2296 capiti
542 2236 681 2295 primo
703 2234 883 2278 Concilii
902 2233 1196 2279 Lateranensis
1217 2233 1296 2276 sub
1320 2232 1555 2276 Innocente
1582 2232 1756 2281 111„oe-

385 2309 538 2353 lebrati
559 2307 798 2356 definitum,
817 2307 930 2350 hanc
946 2304 1109 2364 Synodi
1130 2312 1321 2347 mentem
1339 2303 1469 2348 fuisse
1488 2303 1754 2356 credendum

388 2389 469 2430 est,
487 2388 535 2422 ut
556 2395 629 2422 eos
649 2379 946 2422 tantummodo
965 2387 1144 2420 censura
1162 2374 1488 2434 configeret,vel
1504 2374 1761 2434 quispiritn«

386 2452 447 2495 los
455 2450 709 2494 substantias
720 2448 897 2492 omnino
916 2455 1077 2491 creatas
1089 2446 1398 2495 inficiarentur,
1408 2443 1556 2503 velqui
1569 2445 1623 2489 ita
1635 2453 1757 2489 crea-‘-

387 2530 451 2565 tas
462 2521 747 2570 admitterent,
762 2528 809 2562 ut
824 2519 866 2561 in
879 2533 1048 2577 poenam
1062 2517 1227 2576 peccati
1243 2516 1295 2560 ab
1307 2516 1465 2560 eisdem
1477 2515 1630 2574 patrati
1641 2515 1757 2560 affin—

378 2601 548 2635 marent
570 2591 742 2634 condita
763 2589 1040 2649 postmodum
1067 2602 1269 2646 corpora,
1293 2586 1338 2629 in
1361 2601 1454 2644 quae
1480 2594 1685 2644 tanquam
1711 2586 1756 2631 in

377 2678 570 2706 carceres
583 2663 928 2705 detruderentur.
945 2659 1054 2703 Hinc
1068 2659 1109 2702 S.
1132 2659 1316 2702 Thomas
1332 2664 1440 2717 part.
1474 2673 1491 2699 1
1512 2665 1657 2715 quaest.
1681 2659 1703 2700 6
1714 2673 1748 2700 1.

377 2742 455 2777 art.
479 2734 517 2776 5.
540 2732 793 2776 sententiam
809 2746 959 2775 eorum
974 2730 1047 2789 qui
1065 2730 1248 2788 Angelos
1264 2744 1366 2773 cum
1381 2727 1543 2772 caeteris
1561 2727 1753 2771 universi
