1794 3256
348 254 434 306 2'88
900 276 930 304 s.
972 275 1163 305 AMBnosu

345 355 618 416 poenitentia,
642 355 779 399 suavis
804 354 963 414 gratia3
989 355 1088 413 quia
1114 363 1339 414 peccatum
1361 357 1721 416 expoliaturfuhi

344 428 478 488 gratia
496 435 560 471 est
578 443 593 483 ².
611 427 879 477 absorbetur,
905 425 979 468 ubi
1001 426 1272 485 poenitentia3
1295 427 1355 472 ibi
1370 428 1626 482 remittitur,
1645 432 1719 476 ab-

346 498 577 543 sconditur.
604 498 658 540 Et
682 497 778 540 ideo
808 496 1013 555 scriptum
1035 504 1125 541 est:
1148 498 1300 542 «Beati
1328 515 1511 558 quorum
1530 502 1721 547 remissae

345 587 361 610 »
375 577 475 613 sunt
496 568 738 627 iniquitates
752 600 763 617 ,
788 575 830 611 et
851 582 1035 625 quorum
1059 576 1171 612 tecta
1188 578 1288 613 sunt
1311 571 1529 629 peccata¹.
1550 589 1568 614 ι

404 638 569 682 XXIII.
592 639 644 681 Et
666 637 874 696 requievit
889 638 1102 697 paulisper
1118 639 1397 699 ingemiscens
1407 642 1603 687 humanae
1619 657 1720 687 con-

346 708 515 754 ditionis
542 723 800 759 aerumnam;
826 709 923 766 quia
946 708 1137 753 dixerat:
1163 728 1180 751 α
1197 710 1501 757 Verumtamen
1523 713 1721 773 universa

346 779 538 822 »vanitas
555 812 568 830 ,
598 779 735 822 omnis
761 779 891 822 homo
925 779 1080 824 vivens,
1101 799 1118 822 »
1143 781 1198 825 Et
1226 790 1324 841 post
1345 782 1576 842 diapsalma
1603 783 1716 843 (41),

342 858 562 908 resumpto
593 849 766 908 spiritu,
791 849 878 893 ait:
899 867 929 902 ,α
951 850 1206 909 Quanquam
1236 852 1278 895 in
1307 852 1591 912 imagine'Dei
1628 869 1724 898 am·-

343 921 493 964 »bulet
520 920 649 963 homo
665 937 677 971 3
705 928 849 974 tamen
871 935 977 964 vane
1006 921 1287 965 conturbatur
1317 922 1635 976 :‘thesaurizat,
1678 932 1723 968 ot

345 991 542 1050 »ignorat
576 991 645 1035 cui
682 999 910 1050 congregat
948 1007 996 1035 ea
1019 991 1050 1036 ².
1079 1011 1095 1034 n
1130 993 1237 1038 Vide
1273 995 1488 1051 quomodo
1516 1003 1616 1038 ante
1651 1011 1722 1039 as·-

346 1062 572 1121 peritatem
617 1077 702 1106 suae
747 1062 966 1106 sententiae
1002 1064 1255 1122 temperavit
1283 1079 1293 1106 :
1327 1072 1472 1123 postea
1510 1064 1723 1108 rationem

347 1149 433 1178 suae
462 1134 578 1178 vocis
610 1133 800 1177 absolvit.
838 1127 1108 1193 Temperavit
1144 1134 1358 1194 dicendo:
1384 1134 1528 1188 «Quia
1549 1135 1593 1178 in
1612 1135 1725 1178 ima-

345 1204 472 1262 »gine
510 1204 588 1247 Dei
620 1204 810 1247 ambulat
838 1203 980 1247 homo.
1012 1223 1028 1245 »
1062 1205 1219 1249 Beatus
1242 1205 1394 1266 homo,
1420 1205 1492 1263 qui
1516 1205 1571 1248 ad
1602 1204 1724 1248 simi·-

343 1274 568 1319 litudinem
583 1275 661 1319 Dei
683 1291 760 1334 per
780 1274 912 1319 fidem
933 1277 1124 1319 ambulas
1146 1292 1156 1319 τ
1182 1277 1356 1327 beatus,
1381 1276 1453 1335 qui
1470 1276 1514 1320 in
1529 1270 1571 1320 te
1587 1274 1719 1319 fidem

342 1345 474 1389 habes
499 1362 510 1390 ε
539 1346 702 1390 beatior
732 1346 766 1390 si
797 1347 1017 1391 avaritiam
1050 1363 1137 1391 non
1163 1348 1367 1392 haberes!
1396 1348 1527 1391 Aliud
1554 1348 1721 1393 honum
1785 1379 1789 1383 -

342 1418 496 1461 mentis
519 1426 583 1462 est
606 1426 814 1461 aeternum
828 1451 839 1468 ,
866 1418 980 1461 aliud
1000 1433 1158 1461 vanum
1185 1418 1366 1462 carnalis
1389 1418 1631 1477 cupiditatis
1652 1419 1724 1462 in-

344 1488 558 1531 cendium.
585 1488 711 1532 Fides
742 1488 856 1530 enim
875 1488 966 1531 Deo
988 1488 1142 1531 militat
1151 1505 1163 1538 3
1190 1488 1362 1531 avaritia
1385 1483 1585 1545 tentatori
1605 1488 1718 1545 :ista
1771 1493 1777 1498 ‘

343 1558 535 1616 congerit
558 1560 674 1615 quod
694 1557 773 1600 sihi
790 1558 924 1616 prosit
938 1591 949 1613 2
973 1558 1044 1601 illa
1065 1559 1183 1616 quod
1198 1557 1396 1616 proficiat
1417 1559 1578 1603 alienis.
1602 1559 1721 1612 Quid

343 1628 472 1685 igitur
498 1636 585 1671 tam
602 1643 781 1678 vanum,
807 1642 934 1686 quam
955 1629 1120 1672 nescire
1138 1628 1207 1672 cui
1223 1629 1389 1674 laboret
1409 1629 1594 1674 haeredi?
1611 1630 1722 1684 Quis

341 1697 455 1742 enim
489 1698 568 1742 scit
598 1699 632 1741 si
664 1698 744 1741 sibi
774 1697 911 1749 filius,
948 1708 1022 1742 aut
1049 1714 1182 1758 nepos
1217 1700 1414 1759 proprius
1450 1699 1723 1759 supervivat?

341 1770 463 1830 Saepe
485 1779 557 1814 aut
577 1770 621 1813 in
643 1769 798 1814 tabulis
815 1771 1058 1814 testamenti
1080 1771 1264 1830 scriptus
1281 1771 1416 1816 haeres
1438 1771 1606 1815 funesto
1625 1781 1720 1816 am·-

341 1843 436 1885 bitu
468 1842 714 1886 testatorem
746 1842 948 1900 praecedit
972 1842 1025 1884 ad
1050 1843 1290 1893 tumulum,
1321 1851 1394 1886 aut
1422 1842 1720 1902 haereditatem

341 1921 555 1971 superstes
586 1912 809 1963 absorbet,
836 1920 909 1955 aut
932 1913 1174 1957 luxuriosus
1200 1913 1397 1972 dissipat,
1426 1921 1501 1956 aut
1525 1913 1721 1958 stultissi-

340 1998 436 2025 mus
458 1990 719 2032 nontuetur,
748 1989 818 2025 aut
840 1981 1103 2042 proscriptus
1127 1984 1294 2027 amittit.
1322 1983 1367 2027 Si
1388 1999 1514 2042 quem
1537 1999 1638 2044 ergo
1651 1984 1717 2027 vi*

341 2053 454 2096 deris
478 2052 665 2096 studiose
697 2052 862 2096 divitias
893 2062 1249 2112 congregantem,
1284 2054 1351 2097 dic
1383 2062 1427 2098 et
1455 2063 1532 2098 tu:
1564 2053 1724 2099 «Vane

341 2123 654 2186 »conturbatur
675 2138 684 2165 z
705 2123 983 2174 thesaurizat,
1008 2132 1051 2167 et
1072 2124 1240 2183 ignorat
1266 2124 1335 2168 cui
1362 2133 1590 2184 congregat
1605 2141 1668 2169 ea.
1686 2142 1709 2166 υ

341 2194 487 2252 Neque
513 2195 627 2238 enim
658 2208 804 2237 secum
826 2202 966 2252 potest
988 2195 1176 2246 auferre,
1197 2211 1289 2253 quae
1313 2195 1525 2254 possidet3
1554 2205 1718 2239 etcum

341 2266 565 2315 morietur,
591 2265 801 2323 relinquet
824 2265 968 2308 alienis
985 2265 1149 2309 divitias
1167 2281 1275 2309 suas.
1298 2266 1500 2310 Succedit
1514 2265 1720 2323 frequen÷

342 2345 407 2378 ter
442 2334 640 2378 inimicus
667 2344 709 2378 et
732 2335 945 2393 ingratus,
976 2344 1017 2378 et
1047 2337 1259 2380 decessori
1281 2350 1500 2380 successor
1519 2337 1707 2380 insultat.

343 2406 462 2458 Quos
486 2406 554 2450 ille
571 2405 738 2455 dilexit,
766 2406 843 2449 iste
865 2407 1133 2465 persequitur
1158 2423 1168 2450 ε
1194 2422 1300 2465 quos
1323 2407 1394 2451 ille
1419 2406 1615 2458 nutrivit,
1641 2406 1714 2450 hic

252 2472 258 2476 ’
303 2526 305 2528 ‚
345 2478 501 2521 vendit.

355 2598 360 2601 ‚
402 2549 562 2595 XXIV.
601 2549 773 2596 Graecus
798 2560 939 2596 tamen
960 2566 1047 2597 non
1073 2553 1232 2599 habet:
1258 2569 1274 2593 «
1290 2552 1338 2596 In
1360 2550 1541 2610 imagine
1560 2547 1662 2601 Dei3
1681 2565 1710 2609 ’⁷

340 2652 347 2660 ·
396 2641 501 2677 ’PsaL
518 2654 604 2686 xxxx,
623 2654 653 2681 1.
668 2655 737 2691 -3
756 2644 809 2682 113.
829 2655 971 2687 xxxvm,
986 2657 1021 2692 7·
