1794 3256
342 275 431 320 280
899 286 930 316 s.
972 285 1165 316 AMBnosn

339 388 354 409 »
369 366 627 427 pinguedine
646 367 860 424 repleatur
887 365 1024 408 anima
1048 381 1142 408 mea
1157 365 1189 409 ¹.
1218 383 1233 406 n
1247 367 1342 425 Ipse
1357 375 1400 411 et
1416 364 1531 412 sinus
1547 366 1710 420 animae,'
1754 369 1759 375 ’

342 447 556 483 secretum
574 437 776 480 orationis
798 436 908 494 ejus,
931 437 1163 494 penetralia
1186 439 1427 490 voluntatis,
1453 448 1496 483 et
1516 440 1712 500 quaedam

344 509 661 553 recurrentium
692 516 889 551 votorum
917 507 1064 549 intima
1095 510 1375 567 receptacula.
1404 511 1526 554 Unde
1551 517 1595 554 et
1613 509 1716 571 justi

342 580 386 624 in
407 577 592 623 Abrahae
613 579 709 622 sinu
732 578 998 636 requiescere
1018 578 1279 636 leguntur-²,
1303 580 1449 638 quod
1438 596 1482 623 m
1506 581 1599 639 ejtls
1620 595 1718 640 gra—

343 650 422 698 tia,
446 649 499 699 in„
523 649 616 706 ejus
645 648 817 706 requie,
850 648 893 691 in
922 648 1014 706 ejus
1043 647 1288 707 placiditate
1318 650 1611 708 requiescant,
1644 650 1718 708 qui

340 719 609 764 conformem
630 719 668 762 ei
685 719 902 762 induerint
923 717 1070 781 fidem,
1090 727 1132 762 et
1153 721 1347 764 eamdem
1369 721 1413 765 in
1428 721 1561 765 bonis
1575 719 1720 780 operi·

339 791 421 834 bus
445 789 627 832 fecerint
646 791 920 832 voluntatem.

398 860 496 903 Xll.
539 859 625 902 Sed
656 858 765 902 forte
792 859 974 902 miretur
1000 860 1175 918 aliquis,
1205 876 1304 905 cum
1333 861 1541 906 Dominus
1568 859 1720 906 dixerit

338 947 416 991 per
439 946 485 974 os
508 931 660 980 David,
679 932 795 988 quod
811 931 1064 975 humiliabat
1085 932 1128 974 in
1143 931 1308 990 jejunio
1330 933 1515 976 animam
1543 931 1715 981 suam³3

345 1003 562 1060 quomodo
585 1001 675 1059 ipse
694 1002 830 1045 David
852 1002 910 1045 ait
931 1002 974 1044 in
994 1003 1328 1061 posterioribus:
1366 1020 1383 1045 α
1407 1003 1451 1046 Si
1474 1003 1560 1047 non
1580 1002 1720 1050 humi-

344 1074 470 1118 »liter
497 1073 760 1123 sentiebam3
786 1073 860 1116 sed
886 1074 1064 1118 exaltavi
1088 1074 1273 1117 animam
1298 1080 1439 1119 meam
1465 1074 1505 1133 ’.ᾗ
1524 1093 1541 1117 1·
1559 1073 1720 1119 Verum

346 1145 380 1188 is
403 1144 646 1187 consideret
668 1144 781 1187 aliud
806 1160 898 1187 esse
919 1146 1035 1202 quod
1058 1146 1110 1188 ad
1131 1145 1380 1204 sapientiam
1410 1146 1566 1190 mentis
1586 1143 1721 1189 refer-

347 1222 440 1263 tur,
466 1214 581 1257 aliud
607 1215 722 1271 quod
747 1215 801 1256 ad
821 1214 1109 1258 humilitatem
1136 1215 1276 1258 cordis
1298 1228 1307 1258 ε
1335 1215 1541 1274 sapientia
1567 1214 1720 1258 mentis

348 1284 540 1328 sublimis
577 1292 641 1327 est
659 1301 671 1334 ;
707 1284 911 1343 sapientia
945 1293 1088 1328 autem
1117 1285 1255 1328 carnis
1284 1301 1372 1330 non
1402 1286 1531 1330 debet
1563 1284 1716 1328 inflari.

347 1354 611 1399 Humiliabat
633 1369 733 1413 ergo
755 1355 891 1398 David
911 1355 1130 1413 injejunio
1155 1356 1339 1399 animam
1362 1371 1506 1403 suam,
1532 1363 1580 1399 ut
1596 1355 1724 1400 casti·
1784 1403 1787 1406 Δ

348 1427 538 1485 gaudum
565 1434 719 1468 nostrae
751 1425 889 1468 carnis
919 1434 1133 1481 tumorem
1161 1427 1348 1468 doceret.
1380 1425 1725 1469 Exaltabat'ani-

351 1510 466 1539 mam
486 1497 715 1553 Propheta,
739 1510 815 1553 per
837 1495 1063 1539 sublimem
1086 1496 1165 1539 Dei
1181 1496 1390 1555 gratiam3
1413 1513 1430 1536 α
1454 1495 1668 1550 Quoniam
1683 1504 1727 1539 et

353 1585 369 1607 n
385 1566 458 1624 qui
483 1581 526 1609 se
548 1568 728 1618 exaltat,
756 1565 1051 1609 humiliabitur
1070 1582 1080 1608 z
1105 1574 1149 1610 et
1169 1566 1240 1624 qui
1261 1581 1305 1610 se
1325 1566 1544 1616 humiliat,
1568 1566 1727 1610 exalta-

354 1637 502 1680 »bitur
524 1637 556 1680 ⁵.
592 1654 608 1677 ι»
635 1636 722 1680 Nee
761 1638 898 1680 solum
930 1637 1138 1696 superbus
1169 1637 1413 1691 retunditur
1434 1668 1446 1687 ,
1479 1644 1523 1680 et
1555 1635 1726 1680 humilis

356 1709 564 1751 attollitur
591 1708 717 1766 digna
739 1708 1082 1751 remuneratione
1108 1708 1386 1758 meritorum,
1410 1707 1520 1750 sicut
1539 1706 1727 1766 primum

355 1788 420 1824 est
447 1779 770 1838 intelligendum
798 1795 808 1822 :
842 1781 918 1823 sed
947 1780 1044 1838 quia
1072 1781 1251 1823 verbum
1279 1779 1358 1822 Dei
1384 1794 1435 1822 ex
1461 1778 1579 1822 omni
1606 1786 1727 1838 parte

354 1858 531 1893 acutum
554 1858 633 1900 est,
658 1851 774 1893 velut
797 1850 961 1908 gladius
981 1850 1056 1907 qui
1080 1865 1131 1892 ex
1152 1849 1317 1892 duabus
1338 1857 1488 1892 acutus
1513 1856 1575 1892 est
1594 1848 1728 1908 parti-

355 1912 453 1969 hus,
473 1935 551 1976 ego
570 1920 754 1961 arbitror
771 1912 1106 1978 posse’intelligi,
1129 1919 1227 1976 quia
1240 1926 1282 1962 et
1303 1919 1375 1977 qui
1397 1918 1631 1969 se‘exaltat,
1654 1932 1729 1962 no-

350 1989 412 2035 !-it
430 2003 476 2032 'se
494 1988 719 2032 humiliare
737 2004 747 2032 :
773 1997 814 2032 et
836 1989 909 2048 qui
931 2005 976 2033 se
992 1989 1220 2033 humiliare
1243 1989 1375 2039 novit,
1396 1989 1528 2042 etiam
1547 1989 1729 2032 exaltare

346 2075 399 2104 sa.
431 2059 557 2103 novit.
595 2059 788 2117 Denique
815 2059 970 2103 Paulus
996 2059 1207 2108 ostendit,
1238 2059 1447 2102 dicensz«
1467 2059 1556 2118 Ego
1587 2066 1731 2102 autem

354 2151 373 2172 n
387 2131 519 2175 didici
542 2130 585 2173 in
607 2131 760 2188 quibus
791 2147 886 2174 sum
916 2130 1130 2174 sufficiens
1154 2145 1259 2173 esse.
1288 2129 1386 2173 Scio
1416 2138 1460 2174 et
1482 2128 1698 2174 humiliari
1715 2161 1727 2179 ,

354 2202 473 2245 »scio
498 2210 541 2245 et
570 2202 788 2245 abundare
798 2201 834 2245 ¹⁶.
867 2219 883 2242 n
903 2202 1014 2261 Ergo
1036 2210 1080 2245 et
1111 2201 1246 2244 David
1270 2214 1357 2243 non
1386 2199 1608 2244 humiliter
1632 2213 1731 2243 sen—

350 2272 506 2315 -tieudo
534 2273 589 2315 de
619 2272 788 2315 Christo
812 2273 1024 2316 exaltabat
1051 2272 1236 2315 animam
1266 2286 1409 2320 suam,
1434 2284 1562 2329 quam
1586 2269 1731 2313 humi-

354 2341 467 2386 liant
491 2350 543 2385 et
577 2342 802 2400 dejiciunt
819 2341 1012 2391 Arriani;
1041 2350 1084 2386 et
1113 2342 1337 2385 exaltando
1365 2341 1551 2384 animam
1576 2354 1728 2388 suam,

351 2428 509 2456 sensus
526 2412 737 2472 vigorem,
758 2411 951 2475 fideique
974 2413 1174 2474 gratiam,
1199 2412 1367 2457 virtutis
1387 2410 1639 2494 humilitatis
1659 2410 1729 2470 pio

350 2483 693 2543 repraesentabat
707 2483 902 2530 affectu.‘··
933 2495 936 2499 '
1553 2500 1555 2502 ·

409 2583 563 2619 Rom.
571 2574 656 2627 axii,
680 2587 710 2624 5,
727 2587 758 2620 6.
787 2606 828 2613 —
848 2587 959 2622 nnuc.
989 2584 1128 2630 xv1,‘22.
1154 2589 1242 2615 —⁴²
1268 2587 1353 2623 Psal.
1377 2597 1485 2624 xxxiv,
1516 2573 1565 2621 1⁵3³.
1581 2571 1623 2612 -'-·³
1639 2580 1653 2615 C
1670 2583 1722 2618 ld.

358 2652 456 2682 cxxx,
474 2653 492 2673 2
523 2660 564 2666 —
582 2643 595 2666 Ι
616 2642 695 2676 Luc.
713 2653 760 2684 ιν,
783 2654 833 2678 ιι.
851 2636 1063 2689 -mb‘l’hilipn
1090 2655 1204 2683 1v‚·11.

1393 2702 1432 2720 -1'
