1794 3256
362 294 458 356 37²
907 307 939 334 s.
981 306 1173 335 summan

359 402 376 424 »
390 382 621 442 dispersisti
641 382 757 428 nos¹.
782 401 798 423 »
811 383 973 426 Miraris
994 383 1169 425 forsitan
1191 383 1308 440 quod
1330 397 1428 426 cum
1456 383 1498 426 in
1518 385 1738 442 postet-im·

357 455 490 504 ribus,
514 462 562 496 ut
576 453 772 503 diximus,
797 469 1007 496 summam
1028 452 1215 496 habeant
1231 452 1332 496 fidei
1348 455 1636 505 ,constantiam
1655 455 1733 513 qui-

356 527 612 584 loquuntur;
631 525 701 568 hic
719 525 861 567 dicant
881 525 998 582 quod
1019 524 1071 566 ab
1089 524 1138 568 iis
1159 524 1231 582 qui
1253 524 1431 567 oderant
1446 540 1535 575 cos,
1562 524 1730 584 diripie-

353 597 538 639 bantur:
563 596 638 638 sed
663 611 748 637 non
771 604 812 638 te
833 595 910 638 ista
936 602 1218 653 perterreant.
1246 595 1368 638 Multi
1389 596 1503 639 enim
1522 595 1596 645 hic
1618 596 1729 639 diri-

355 666 554 724 piuntur,
594 674 637 708 et
666 674 809 708 tamen
840 666 991 712 merita
1022 680 1171 709 eorum
1196 680 1218 707 a
1243 664 1411 708 Christo
1445 680 1532 708 non
1563 674 1733 723 queunt.

354 737 550 796 separari.
576 738 867 796 Rapiebantur
887 737 1096 795 Apostoli,
1122 737 1394 781 caedebantur
1414 737 1558 795 virgis,
1577 737 1622 780 in
1639 752 1730 781 car-

356 822 497 852 cerem
534 807 832 857 trudebantur,
871 808 1179 865 separabantur
1215 822 1237 849 a
1273 822 1317 849 se
1331 840 1343 856 ,
1375 815 1419 850 et
1449 815 1593 851 tamen
1628 823 1728 852 cum

355 868 524 921 Christo
545 877 775 921 manebant
794 893 804 920 :
830 878 916 920 imo
940 877 1023 920 hoc
1046 877 1137 936 ipso
1159 879 1276 935 quod
1297 877 1571 936 rapiebantur
1586 885 1616 920 'a
1636 893 1729 937 per-

353 947 466 999 fidis,
485 964 635 991 eorum
650 949 802 992 merita
824 949 1092 997 crescebant,
1116 955 1158 1003 et
1179 947 1312 1006 gratia
1333 947 1376 990 in
1398 947 1642 991 coelestibus
1657 964 1729 991 au-

353 1008 542 1077 gebatur.
562 1019 656 1063 Non
668 1020 783 1062 enim
800 1019 941 1063 statim
958 1019 1030 1076 qui
1046 1018 1361 1061 abhominibus
1372 1018 1586 1077 diripitur,
1597 1018 1728 1063 etiam

353 1089 550 1133 vincitur.
591 1089 699 1133 Vide
723 1091 962 1148 apostolum
982 1089 1160 1132 Paulum
1182 1089 1439 1147 gratulatum
1461 1088 1506 1131 in
1526 1088 1729 1147 periculis

353 1161 467 1203 suis:
500 1161 596 1204 vide
628 1160 902 1218 gloriantem,
928 1161 1043 1218 quod
1063 1176 1139 1218 per
1165 1160 1392 1202 fenestram
1416 1159 1459 1201 in
1484 1167 1628 1218 sporta
1649 1160 1728 1203 de-

351 1231 502 1273 missus
519 1231 583 1273 sit.
601 1230 707 1275 Vide
722 1232 1086 1288 quemadmodum
1099 1238 1271 1272 sanetus
1282 1230 1534 1280 Hieremias,
1555 1227 1738 1274 sanctus>

350 1301 572 1351 Ezechiel,
605 1309 773 1343 sanctus
803 1301 953 1344 Daniel
982 1296 1025 1343 in
1053 1301 1340 1359 captivitatem
1363 1301 1567 1351 deducti,
1602 1309 1647 1344 et
1671 1303 1726 1345 ab

350 1371 532 1430 Assyriis
553 1371 731 1430 direpti,
762 1372 923 1414 nullam
947 1379 1088 1413 tamen
1111 1370 1399 1428 captivitatem
1420 1371 1603 1430 propriae
1623 1371 1727 1416 fidei

350 1444 618 1501 pertulerunt·
640 1458 649 1484 :
673 1457 752 1484 nec
774 1443 816 1494 in
838 1442 1158 1485 Testamentum
1179 1440 1352 1484 Domini
1379 1441 1623 1499 deliquere,
1647 1443 1741 1500 qui,

350 1520 621 1564 servaverunt
636 1512 679 1554 in
695 1511 935 1570 captivitate
949 1511 1078 1554 etiam
1093 1511 1195 1569 legis
1212 1519 1424 1570 praecepta
1446 1511 1616 1566 divinae,
1640 1527 1725 1555 nec

350 1584 403 1625 de
423 1582 656 1626 interdictis
680 1583 784 1624 cibis
804 1590 1059 1640 putavelunt
1081 1590 1229 1625 contra
1245 1582 1559 1626 institutionem
1581 1582 1728 1642 maj0-‚

351 1669 448 1696 rum
470 1653 628 1711 aliquid
648 1655 957 1711 usurpandum.

412 1723 615 1768 XXXVI.
653 1724 773 1767 Unde
789 1724 900 1766 bene
916 1723 1186 1769 Theodotion
1205 1724 1336 1767 dixit:
1353 1743 1369 1764 a
1385 1724 1439 1768 Et
1452 1724 1526 1805 qui
1545 1695 1724 1768 oderant

355 1814 371 1835 ι)
384 1810 485 1844 nos,
513 1794 760 1837 exultabant
779 1810 907 1853 super
927 1809 1028 1843 nos;
1044 1794 1290 1837 »insultatio
1316 1795 1430 1838 enim
1445 1795 1723 1839 inimicorum

351 1881 439 1909 non
460 1865 582 1908 affert
602 1865 898 1924 praejudicium
919 1864 1041 1907 bonis
1062 1864 1276 1908 mentibus
1292 1898 1303 1915 ,
1339 1866 1414 1908 sed
1439 1881 1519 1909 nec
1542 1865 1723 1924 direptio

356 1936 640 1979 inimicorum.
676 1935 862 1992 Ideoque
883 1935 1063 1978 Sanctus
1093 1935 1217 1984 dicit,
1249 1935 1324 1993 qui
1353 1943 1495 1978 certus
1517 1943 1582 1978 est
1607 1935 1724 1993 quod

357 2007 536 2065 direptio
559 2006 638 2049 sibi
661 2006 807 2049 obesse
828 2021 914 2048 non
936 2005 1091 2063 possit:
1109 2004 1242 2057 «Quis
1263 2020 1340 2047 nos
1357 2005 1568 2064 separabit
1584 2020 1608 2048 a
1625 2005 1723 2048 cha-

358 2079 511 2121 »ritate
532 2077 717 2121 Christi?
739 2076 993 2125 Tribulatio,
1019 2092 1072 2118 an
1094 2076 1340 2134 angustiai'»
1354 2085 1397 2120 et
1418 2085 1594 2120 caetera:
1611 2077 1726 2121 «Sed

357 2168 372 2187 n
387 2149 430 2190 iu
449 2149 515 2192 his
538 2148 734 2191 omnibus
757 2161 1004 2206 superamus
1025 2155 1067 2189 et
1088 2147 1423 2204 supervincimus
1440 2163 1516 2206 per
1535 2162 1634 2190 eum
1652 2147 1727 2204 qui
1776 2199 1781 2202 Ι

356 2238 372 2259 »
387 2220 531 2262 dilexit
546 2235 647 2263 nos:
671 2220 850 2262 scientes
868 2219 983 2276 quod
1002 2233 1142 2276 neque
1158 2233 1290 2267 mors,
1311 2233 1449 2275 neque
1464 2219 1565 2269 viia,
1584 2233 1723 2275 neque

356 2291 595 2349 »Angelus‚
618 2306 757 2348 neque
777 2291 1032 2339 Potestates,
1056 2305 1194 2347 neque
1216 2290 1439 2348 praesentia
1453 2324 1464 2341 ‚
1497 2304 1637 2347 neque
1655 2289 1726 2332 fu-

356 2381 373 2403 »
389 2372 550 2406 turam.
578 2378 770 2421 separare
792 2377 868 2404 nos
890 2361 1053 2419 possint
1077 2376 1099 2403 a
1122 2360 1328 2403 charitate
1348 2361 1426 2404 Dei
1445 2394 1456 2411 ,
1479 2376 1573 2418 quae
1594 2368 1657 2403 est
1678 2360 1725 2411 in

357 2452 374 2473 n
390 2433 558 2476 Christo
579 2433 683 2475 Jesu
702 2432 886 2475 Domino
906 2431 1093 2475 nostro².
1116 2451 1133 2472 »
1155 2428 1277 2489 Ergo
1294 2431 1367 2489 qui
1396 2431 1490 2475 talis
1519 2440 1606 2482 ost,
1634 2445 1721 2478 non

357 2511 576 2561 separatur
597 2518 619 2545 a
643 2501 823 2546 Christo.
852 2501 972 2545 Unde
993 2501 1157 2545 etiamsi
1179 2502 1458 2560 corporaliter
1482 2501 1738 2560 diripiatur„

358 2573 566 2633 spiraliter
588 2583 728 2618 tamen
749 2575 858 2617 liber
878 2582 941 2617 est
959 2591 968 2615 :
1003 2583 1046 2616 et
1067 2589 1154 2617 non
1177 2574 1314 2618 solum
1336 2572 1562 2633 direptioni
1583 2573 1722 2636 ohno—

405 2671 414 2690 ¹
437 2665 519 2702 Psal.
547 2679 643 2709 um,
666 2680 715 2702 ια.
743 2687 779 2694 -
795 2678 806 2693 2
828 2669 923 2701 Rom.
943 2652 1150 2710 taujid—239⁴
